%YAML 1.1
%TAG !u! tag:unity3d.com,2011:
--- !u!1001 &100100000
Prefab:
  m_ObjectHideFlags: 1
  serializedVersion: 2
  m_Modification:
    m_TransformParent: {fileID: 0}
    m_Modifications: []
    m_RemovedComponents: []
  m_ParentPrefab: {fileID: 0}
  m_RootGameObject: {fileID: 1589862800166682}
  m_IsPrefabParent: 1
--- !u!1 &1015616803345164
GameObject:
  m_ObjectHideFlags: 1
  m_PrefabParentObject: {fileID: 0}
  m_PrefabInternal: {fileID: 100100000}
  serializedVersion: 5
  m_Component:
  - component: {fileID: 4439485710176174}
  m_Layer: 0
  m_Name: L_Thumb_B_JNT
  m_TagString: Untagged
  m_Icon: {fileID: 0}
  m_NavMeshLayer: 0
  m_StaticEditorFlags: 0
  m_IsActive: 1
--- !u!1 &1019940669276844
GameObject:
  m_ObjectHideFlags: 1
  m_PrefabParentObject: {fileID: 0}
  m_PrefabInternal: {fileID: 100100000}
  serializedVersion: 5
  m_Component:
  - component: {fileID: 4446453811111262}
  m_Layer: 0
  m_Name: Top_END
  m_TagString: Untagged
  m_Icon: {fileID: 0}
  m_NavMeshLayer: 0
  m_StaticEditorFlags: 0
  m_IsActive: 1
--- !u!1 &1040277977080144
GameObject:
  m_ObjectHideFlags: 1
  m_PrefabParentObject: {fileID: 0}
  m_PrefabInternal: {fileID: 100100000}
  serializedVersion: 5
  m_Component:
  - component: {fileID: 4101417071804428}
  m_Layer: 0
  m_Name: R_Pinky_A_JNT
  m_TagString: Untagged
  m_Icon: {fileID: 0}
  m_NavMeshLayer: 0
  m_StaticEditorFlags: 0
  m_IsActive: 1
--- !u!1 &1057402199293746
GameObject:
  m_ObjectHideFlags: 1
  m_PrefabParentObject: {fileID: 0}
  m_PrefabInternal: {fileID: 100100000}
  serializedVersion: 5
  m_Component:
  - component: {fileID: 4397654071528976}
  m_Layer: 0
  m_Name: L_Elbow_JNT
  m_TagString: Untagged
  m_Icon: {fileID: 0}
  m_NavMeshLayer: 0
  m_StaticEditorFlags: 0
  m_IsActive: 1
--- !u!1 &1062579058989912
GameObject:
  m_ObjectHideFlags: 1
  m_PrefabParentObject: {fileID: 0}
  m_PrefabInternal: {fileID: 100100000}
  serializedVersion: 5
  m_Component:
  - component: {fileID: 4054240671490240}
  m_Layer: 0
  m_Name: L_Toe_JNT
  m_TagString: Untagged
  m_Icon: {fileID: 0}
  m_NavMeshLayer: 0
  m_StaticEditorFlags: 0
  m_IsActive: 1
--- !u!1 &1068162422912982
GameObject:
  m_ObjectHideFlags: 1
  m_PrefabParentObject: {fileID: 0}
  m_PrefabInternal: {fileID: 100100000}
  serializedVersion: 5
  m_Component:
  - component: {fileID: 4443302257853320}
  m_Layer: 0
  m_Name: joint14
  m_TagString: Untagged
  m_Icon: {fileID: 0}
  m_NavMeshLayer: 0
  m_StaticEditorFlags: 0
  m_IsActive: 1
--- !u!1 &1071933654550208
GameObject:
  m_ObjectHideFlags: 1
  m_PrefabParentObject: {fileID: 0}
  m_PrefabInternal: {fileID: 100100000}
  serializedVersion: 5
  m_Component:
  - component: {fileID: 4234238066263560}
  m_Layer: 0
  m_Name: R_Index_D_JNT
  m_TagString: Untagged
  m_Icon: {fileID: 0}
  m_NavMeshLayer: 0
  m_StaticEditorFlags: 0
  m_IsActive: 1
--- !u!1 &1085696589227934
GameObject:
  m_ObjectHideFlags: 1
  m_PrefabParentObject: {fileID: 0}
  m_PrefabInternal: {fileID: 100100000}
  serializedVersion: 5
  m_Component:
  - component: {fileID: 4827613218996096}
  m_Layer: 0
  m_Name: R_Pinky_C_JNT
  m_TagString: Untagged
  m_Icon: {fileID: 0}
  m_NavMeshLayer: 0
  m_StaticEditorFlags: 0
  m_IsActive: 1
--- !u!1 &1088702809101712
GameObject:
  m_ObjectHideFlags: 1
  m_PrefabParentObject: {fileID: 0}
  m_PrefabInternal: {fileID: 100100000}
  serializedVersion: 5
  m_Component:
  - component: {fileID: 4217388067314886}
  m_Layer: 0
  m_Name: Eyes
  m_TagString: Untagged
  m_Icon: {fileID: 0}
  m_NavMeshLayer: 0
  m_StaticEditorFlags: 0
  m_IsActive: 1
--- !u!1 &1098880594617124
GameObject:
  m_ObjectHideFlags: 0
  m_PrefabParentObject: {fileID: 0}
  m_PrefabInternal: {fileID: 100100000}
  serializedVersion: 5
  m_Component:
  - component: {fileID: 4789811426361042}
  - component: {fileID: 61503744823965788}
  - component: {fileID: 61266369524799958}
  - component: {fileID: 114554645109497574}
  - component: {fileID: 50955923405424880}
  - component: {fileID: 82682275124518158}
  - component: {fileID: 82035322173045668}
  - component: {fileID: 82380563317564282}
  m_Layer: 0
  m_Name: MinotaurPrefab
  m_TagString: Enemy
  m_Icon: {fileID: 0}
  m_NavMeshLayer: 0
  m_StaticEditorFlags: 0
  m_IsActive: 1
--- !u!1 &1113258991289802
GameObject:
  m_ObjectHideFlags: 1
  m_PrefabParentObject: {fileID: 0}
  m_PrefabInternal: {fileID: 100100000}
  serializedVersion: 5
  m_Component:
  - component: {fileID: 4399427495860266}
  m_Layer: 0
  m_Name: R_Thumb_A_JNT
  m_TagString: Untagged
  m_Icon: {fileID: 0}
  m_NavMeshLayer: 0
  m_StaticEditorFlags: 0
  m_IsActive: 1
--- !u!1 &1122645012969554
GameObject:
  m_ObjectHideFlags: 1
  m_PrefabParentObject: {fileID: 0}
  m_PrefabInternal: {fileID: 100100000}
  serializedVersion: 5
  m_Component:
  - component: {fileID: 4180542615595330}
  m_Layer: 0
  m_Name: L_Ring_C_JNT
  m_TagString: Untagged
  m_Icon: {fileID: 0}
  m_NavMeshLayer: 0
  m_StaticEditorFlags: 0
  m_IsActive: 1
--- !u!1 &1149292745258370
GameObject:
  m_ObjectHideFlags: 0
  m_PrefabParentObject: {fileID: 0}
  m_PrefabInternal: {fileID: 100100000}
  serializedVersion: 5
  m_Component:
  - component: {fileID: 4159579168112634}
  m_Layer: 0
  m_Name: Waypoint2
  m_TagString: Untagged
  m_Icon: {fileID: 0}
  m_NavMeshLayer: 0
  m_StaticEditorFlags: 0
  m_IsActive: 1
--- !u!1 &1151839119911768
GameObject:
  m_ObjectHideFlags: 1
  m_PrefabParentObject: {fileID: 0}
  m_PrefabInternal: {fileID: 100100000}
  serializedVersion: 5
  m_Component:
  - component: {fileID: 4559470744891290}
  m_Layer: 0
  m_Name: R_Thumb_B_JNT
  m_TagString: Untagged
  m_Icon: {fileID: 0}
  m_NavMeshLayer: 0
  m_StaticEditorFlags: 0
  m_IsActive: 1
--- !u!1 &1152262112730116
GameObject:
  m_ObjectHideFlags: 1
  m_PrefabParentObject: {fileID: 0}
  m_PrefabInternal: {fileID: 100100000}
  serializedVersion: 5
  m_Component:
  - component: {fileID: 4516566539078606}
  m_Layer: 0
  m_Name: GroundCheck
  m_TagString: Untagged
  m_Icon: {fileID: 0}
  m_NavMeshLayer: 0
  m_StaticEditorFlags: 0
  m_IsActive: 1
--- !u!1 &1153308540044446
GameObject:
  m_ObjectHideFlags: 1
  m_PrefabParentObject: {fileID: 0}
  m_PrefabInternal: {fileID: 100100000}
  serializedVersion: 5
  m_Component:
  - component: {fileID: 4216278821435476}
  m_Layer: 0
  m_Name: R_Wrist_JNT
  m_TagString: Untagged
  m_Icon: {fileID: 0}
  m_NavMeshLayer: 0
  m_StaticEditorFlags: 0
  m_IsActive: 1
--- !u!1 &1221160626842330
GameObject:
  m_ObjectHideFlags: 1
  m_PrefabParentObject: {fileID: 0}
  m_PrefabInternal: {fileID: 100100000}
  serializedVersion: 5
  m_Component:
  - component: {fileID: 4957306736453594}
  m_Layer: 0
  m_Name: L_Clavicle_JNT
  m_TagString: Untagged
  m_Icon: {fileID: 0}
  m_NavMeshLayer: 0
  m_StaticEditorFlags: 0
  m_IsActive: 1
--- !u!1 &1227123343195892
GameObject:
  m_ObjectHideFlags: 1
  m_PrefabParentObject: {fileID: 0}
  m_PrefabInternal: {fileID: 100100000}
  serializedVersion: 5
  m_Component:
  - component: {fileID: 4437830951200910}
  m_Layer: 0
  m_Name: R_Middle_C_JNT
  m_TagString: Untagged
  m_Icon: {fileID: 0}
  m_NavMeshLayer: 0
  m_StaticEditorFlags: 0
  m_IsActive: 1
--- !u!1 &1245007422981652
GameObject:
  m_ObjectHideFlags: 1
  m_PrefabParentObject: {fileID: 0}
  m_PrefabInternal: {fileID: 100100000}
  serializedVersion: 5
  m_Component:
  - component: {fileID: 4095574199504486}
  - component: {fileID: 137318451922433340}
  m_Layer: 0
  m_Name: All_body:Group28393
  m_TagString: Untagged
  m_Icon: {fileID: 0}
  m_NavMeshLayer: 0
  m_StaticEditorFlags: 0
  m_IsActive: 1
--- !u!1 &1254793328923630
GameObject:
  m_ObjectHideFlags: 1
  m_PrefabParentObject: {fileID: 0}
  m_PrefabInternal: {fileID: 100100000}
  serializedVersion: 5
  m_Component:
  - component: {fileID: 4827370745880652}
  - component: {fileID: 137818111023760454}
  m_Layer: 0
  m_Name: All_body:Group17401
  m_TagString: Untagged
  m_Icon: {fileID: 0}
  m_NavMeshLayer: 0
  m_StaticEditorFlags: 0
  m_IsActive: 1
--- !u!1 &1268962194249758
GameObject:
  m_ObjectHideFlags: 1
  m_PrefabParentObject: {fileID: 0}
  m_PrefabInternal: {fileID: 100100000}
  serializedVersion: 5
  m_Component:
  - component: {fileID: 4462304841769514}
  m_Layer: 0
  m_Name: L_Middle_D_JNT
  m_TagString: Untagged
  m_Icon: {fileID: 0}
  m_NavMeshLayer: 0
  m_StaticEditorFlags: 0
  m_IsActive: 1
--- !u!1 &1270900962143274
GameObject:
  m_ObjectHideFlags: 1
  m_PrefabParentObject: {fileID: 0}
  m_PrefabInternal: {fileID: 100100000}
  serializedVersion: 5
  m_Component:
  - component: {fileID: 4208330715048916}
  m_Layer: 0
  m_Name: L_Index_D_JNT
  m_TagString: Untagged
  m_Icon: {fileID: 0}
  m_NavMeshLayer: 0
  m_StaticEditorFlags: 0
  m_IsActive: 1
--- !u!1 &1271447772915600
GameObject:
  m_ObjectHideFlags: 1
  m_PrefabParentObject: {fileID: 0}
  m_PrefabInternal: {fileID: 100100000}
  serializedVersion: 5
  m_Component:
  - component: {fileID: 4997596059639758}
  m_Layer: 0
  m_Name: R_Middle_D_JNT
  m_TagString: Untagged
  m_Icon: {fileID: 0}
  m_NavMeshLayer: 0
  m_StaticEditorFlags: 0
  m_IsActive: 1
--- !u!1 &1281189388346434
GameObject:
  m_ObjectHideFlags: 1
  m_PrefabParentObject: {fileID: 0}
  m_PrefabInternal: {fileID: 100100000}
  serializedVersion: 5
  m_Component:
  - component: {fileID: 4044548327519990}
  m_Layer: 0
  m_Name: L_Foearm_JNT
  m_TagString: Untagged
  m_Icon: {fileID: 0}
  m_NavMeshLayer: 0
  m_StaticEditorFlags: 0
  m_IsActive: 1
--- !u!1 &1281654673859888
GameObject:
  m_ObjectHideFlags: 1
  m_PrefabParentObject: {fileID: 0}
  m_PrefabInternal: {fileID: 100100000}
  serializedVersion: 5
  m_Component:
  - component: {fileID: 4603438990643328}
  m_Layer: 0
  m_Name: R_AnKle_JNT
  m_TagString: Untagged
  m_Icon: {fileID: 0}
  m_NavMeshLayer: 0
  m_StaticEditorFlags: 0
  m_IsActive: 1
--- !u!1 &1290643235432858
GameObject:
  m_ObjectHideFlags: 1
  m_PrefabParentObject: {fileID: 0}
  m_PrefabInternal: {fileID: 100100000}
  serializedVersion: 5
  m_Component:
  - component: {fileID: 4757022657424852}
  m_Layer: 0
  m_Name: R_Foearm_JNT
  m_TagString: Untagged
  m_Icon: {fileID: 0}
  m_NavMeshLayer: 0
  m_StaticEditorFlags: 0
  m_IsActive: 1
--- !u!1 &1307577270515228
GameObject:
  m_ObjectHideFlags: 1
  m_PrefabParentObject: {fileID: 0}
  m_PrefabInternal: {fileID: 100100000}
  serializedVersion: 5
  m_Component:
  - component: {fileID: 4428828707767788}
  - component: {fileID: 137029262685924682}
  m_Layer: 0
  m_Name: All_body:Group63582
  m_TagString: Untagged
  m_Icon: {fileID: 0}
  m_NavMeshLayer: 0
  m_StaticEditorFlags: 0
  m_IsActive: 1
--- !u!1 &1310326745720566
GameObject:
  m_ObjectHideFlags: 0
  m_PrefabParentObject: {fileID: 0}
  m_PrefabInternal: {fileID: 100100000}
  serializedVersion: 5
  m_Component:
  - component: {fileID: 4146590904376470}
  m_Layer: 0
  m_Name: Waypoint3
  m_TagString: Untagged
  m_Icon: {fileID: 0}
  m_NavMeshLayer: 0
  m_StaticEditorFlags: 0
  m_IsActive: 1
--- !u!1 &1331613138108842
GameObject:
  m_ObjectHideFlags: 1
  m_PrefabParentObject: {fileID: 0}
  m_PrefabInternal: {fileID: 100100000}
  serializedVersion: 5
  m_Component:
  - component: {fileID: 4164715617300694}
  m_Layer: 0
  m_Name: L_Shoulder_JNT
  m_TagString: Untagged
  m_Icon: {fileID: 0}
  m_NavMeshLayer: 0
  m_StaticEditorFlags: 0
  m_IsActive: 1
--- !u!1 &1332434965579776
GameObject:
  m_ObjectHideFlags: 1
  m_PrefabParentObject: {fileID: 0}
  m_PrefabInternal: {fileID: 100100000}
  serializedVersion: 5
  m_Component:
  - component: {fileID: 4974941550062434}
  m_Layer: 0
  m_Name: Spline_A_JNT
  m_TagString: Untagged
  m_Icon: {fileID: 0}
  m_NavMeshLayer: 0
  m_StaticEditorFlags: 0
  m_IsActive: 1
--- !u!1 &1343319192446394
GameObject:
  m_ObjectHideFlags: 1
  m_PrefabParentObject: {fileID: 0}
  m_PrefabInternal: {fileID: 100100000}
  serializedVersion: 5
  m_Component:
  - component: {fileID: 4467097848689884}
  m_Layer: 0
  m_Name: Neck_JNT
  m_TagString: Untagged
  m_Icon: {fileID: 0}
  m_NavMeshLayer: 0
  m_StaticEditorFlags: 0
  m_IsActive: 1
--- !u!1 &1353861713429628
GameObject:
  m_ObjectHideFlags: 1
  m_PrefabParentObject: {fileID: 0}
  m_PrefabInternal: {fileID: 100100000}
  serializedVersion: 5
  m_Component:
  - component: {fileID: 4487191060272320}
  m_Layer: 0
  m_Name: R_Knee_JNT
  m_TagString: Untagged
  m_Icon: {fileID: 0}
  m_NavMeshLayer: 0
  m_StaticEditorFlags: 0
  m_IsActive: 1
--- !u!1 &1372745347478394
GameObject:
  m_ObjectHideFlags: 1
  m_PrefabParentObject: {fileID: 0}
  m_PrefabInternal: {fileID: 100100000}
  serializedVersion: 5
  m_Component:
  - component: {fileID: 4466612959917728}
  m_Layer: 0
  m_Name: R_Ring_D_JNT
  m_TagString: Untagged
  m_Icon: {fileID: 0}
  m_NavMeshLayer: 0
  m_StaticEditorFlags: 0
  m_IsActive: 1
--- !u!1 &1391624903507272
GameObject:
  m_ObjectHideFlags: 1
  m_PrefabParentObject: {fileID: 0}
  m_PrefabInternal: {fileID: 100100000}
  serializedVersion: 5
  m_Component:
  - component: {fileID: 4057950308854310}
  m_Layer: 0
  m_Name: Spline_C_JNT
  m_TagString: Untagged
  m_Icon: {fileID: 0}
  m_NavMeshLayer: 0
  m_StaticEditorFlags: 0
  m_IsActive: 1
--- !u!1 &1392382700388572
GameObject:
  m_ObjectHideFlags: 1
  m_PrefabParentObject: {fileID: 0}
  m_PrefabInternal: {fileID: 100100000}
  serializedVersion: 5
  m_Component:
  - component: {fileID: 4451728049860140}
  m_Layer: 0
  m_Name: L_Pinky_B_JNT
  m_TagString: Untagged
  m_Icon: {fileID: 0}
  m_NavMeshLayer: 0
  m_StaticEditorFlags: 0
  m_IsActive: 1
--- !u!1 &1419095279571018
GameObject:
  m_ObjectHideFlags: 1
  m_PrefabParentObject: {fileID: 0}
  m_PrefabInternal: {fileID: 100100000}
  serializedVersion: 5
  m_Component:
  - component: {fileID: 4338233435303916}
  m_Layer: 0
  m_Name: L_Index_END
  m_TagString: Untagged
  m_Icon: {fileID: 0}
  m_NavMeshLayer: 0
  m_StaticEditorFlags: 0
  m_IsActive: 1
--- !u!1 &1432759029959012
GameObject:
  m_ObjectHideFlags: 1
  m_PrefabParentObject: {fileID: 0}
  m_PrefabInternal: {fileID: 100100000}
  serializedVersion: 5
  m_Component:
  - component: {fileID: 4014941115735554}
  m_Layer: 0
  m_Name: L_Index_C_JNT
  m_TagString: Untagged
  m_Icon: {fileID: 0}
  m_NavMeshLayer: 0
  m_StaticEditorFlags: 0
  m_IsActive: 1
--- !u!1 &1441000523125064
GameObject:
  m_ObjectHideFlags: 1
  m_PrefabParentObject: {fileID: 0}
  m_PrefabInternal: {fileID: 100100000}
  serializedVersion: 5
  m_Component:
  - component: {fileID: 4123924247252658}
  m_Layer: 0
  m_Name: L_Middle_B_JNT
  m_TagString: Untagged
  m_Icon: {fileID: 0}
  m_NavMeshLayer: 0
  m_StaticEditorFlags: 0
  m_IsActive: 1
--- !u!1 &1468771648685568
GameObject:
  m_ObjectHideFlags: 1
  m_PrefabParentObject: {fileID: 0}
  m_PrefabInternal: {fileID: 100100000}
  serializedVersion: 5
  m_Component:
  - component: {fileID: 4139002450064898}
  m_Layer: 0
  m_Name: R_Ring_C_JNT
  m_TagString: Untagged
  m_Icon: {fileID: 0}
  m_NavMeshLayer: 0
  m_StaticEditorFlags: 0
  m_IsActive: 1
--- !u!1 &1491564697014934
GameObject:
  m_ObjectHideFlags: 1
  m_PrefabParentObject: {fileID: 0}
  m_PrefabInternal: {fileID: 100100000}
  serializedVersion: 5
  m_Component:
  - component: {fileID: 4320071022460364}
  m_Layer: 0
  m_Name: Head_JNT
  m_TagString: Untagged
  m_Icon: {fileID: 0}
  m_NavMeshLayer: 0
  m_StaticEditorFlags: 0
  m_IsActive: 1
--- !u!1 &1498585346198450
GameObject:
  m_ObjectHideFlags: 1
  m_PrefabParentObject: {fileID: 0}
  m_PrefabInternal: {fileID: 100100000}
  serializedVersion: 5
  m_Component:
  - component: {fileID: 4921558360081606}
  m_Layer: 0
  m_Name: L_Thumb_C_JNT
  m_TagString: Untagged
  m_Icon: {fileID: 0}
  m_NavMeshLayer: 0
  m_StaticEditorFlags: 0
  m_IsActive: 1
--- !u!1 &1502769618015198
GameObject:
  m_ObjectHideFlags: 1
  m_PrefabParentObject: {fileID: 0}
  m_PrefabInternal: {fileID: 100100000}
  serializedVersion: 5
  m_Component:
  - component: {fileID: 4343948721304336}
  m_Layer: 0
  m_Name: R_Shoulder_JNT
  m_TagString: Untagged
  m_Icon: {fileID: 0}
  m_NavMeshLayer: 0
  m_StaticEditorFlags: 0
  m_IsActive: 1
--- !u!1 &1516482840071392
GameObject:
  m_ObjectHideFlags: 1
  m_PrefabParentObject: {fileID: 0}
  m_PrefabInternal: {fileID: 100100000}
  serializedVersion: 5
  m_Component:
  - component: {fileID: 4658186942091516}
  m_Layer: 0
  m_Name: group1
  m_TagString: Untagged
  m_Icon: {fileID: 0}
  m_NavMeshLayer: 0
  m_StaticEditorFlags: 0
  m_IsActive: 1
--- !u!1 &1526869179271914
GameObject:
  m_ObjectHideFlags: 1
  m_PrefabParentObject: {fileID: 0}
  m_PrefabInternal: {fileID: 100100000}
  serializedVersion: 5
  m_Component:
  - component: {fileID: 4598671343571690}
  - component: {fileID: 137247750081319520}
  m_Layer: 0
  m_Name: All_body:Group16958
  m_TagString: Untagged
  m_Icon: {fileID: 0}
  m_NavMeshLayer: 0
  m_StaticEditorFlags: 0
  m_IsActive: 1
--- !u!1 &1534843236187996
GameObject:
  m_ObjectHideFlags: 1
  m_PrefabParentObject: {fileID: 0}
  m_PrefabInternal: {fileID: 100100000}
  serializedVersion: 5
  m_Component:
  - component: {fileID: 4349729756483228}
  m_Layer: 0
  m_Name: L_Ring_D_JNT
  m_TagString: Untagged
  m_Icon: {fileID: 0}
  m_NavMeshLayer: 0
  m_StaticEditorFlags: 0
  m_IsActive: 1
--- !u!1 &1536413358723620
GameObject:
  m_ObjectHideFlags: 1
  m_PrefabParentObject: {fileID: 0}
  m_PrefabInternal: {fileID: 100100000}
  serializedVersion: 5
  m_Component:
  - component: {fileID: 4334099154474228}
  m_Layer: 0
  m_Name: L_Index_B_JNT
  m_TagString: Untagged
  m_Icon: {fileID: 0}
  m_NavMeshLayer: 0
  m_StaticEditorFlags: 0
  m_IsActive: 1
--- !u!1 &1540322076113792
GameObject:
  m_ObjectHideFlags: 1
  m_PrefabParentObject: {fileID: 0}
  m_PrefabInternal: {fileID: 100100000}
  serializedVersion: 5
  m_Component:
  - component: {fileID: 4744191597556610}
  m_Layer: 0
  m_Name: Chest_JNT
  m_TagString: Untagged
  m_Icon: {fileID: 0}
  m_NavMeshLayer: 0
  m_StaticEditorFlags: 0
  m_IsActive: 1
--- !u!1 &1550004579785172
GameObject:
  m_ObjectHideFlags: 1
  m_PrefabParentObject: {fileID: 0}
  m_PrefabInternal: {fileID: 100100000}
  serializedVersion: 5
  m_Component:
  - component: {fileID: 4823852679009554}
  m_Layer: 0
  m_Name: R_Fibula_JNt
  m_TagString: Untagged
  m_Icon: {fileID: 0}
  m_NavMeshLayer: 0
  m_StaticEditorFlags: 0
  m_IsActive: 1
--- !u!1 &1555572816980520
GameObject:
  m_ObjectHideFlags: 1
  m_PrefabParentObject: {fileID: 0}
  m_PrefabInternal: {fileID: 100100000}
  serializedVersion: 5
  m_Component:
  - component: {fileID: 4096910041082830}
  m_Layer: 0
  m_Name: L_Knee_JNT
  m_TagString: Untagged
  m_Icon: {fileID: 0}
  m_NavMeshLayer: 0
  m_StaticEditorFlags: 0
  m_IsActive: 1
--- !u!1 &1575019532303696
GameObject:
  m_ObjectHideFlags: 1
  m_PrefabParentObject: {fileID: 0}
  m_PrefabInternal: {fileID: 100100000}
  serializedVersion: 5
  m_Component:
  - component: {fileID: 4684689049063370}
  m_Layer: 0
  m_Name: L_Pinky_A_JNT
  m_TagString: Untagged
  m_Icon: {fileID: 0}
  m_NavMeshLayer: 0
  m_StaticEditorFlags: 0
  m_IsActive: 1
--- !u!1 &1589862800166682
GameObject:
  m_ObjectHideFlags: 0
  m_PrefabParentObject: {fileID: 0}
  m_PrefabInternal: {fileID: 100100000}
  serializedVersion: 5
  m_Component:
  - component: {fileID: 4102283935583514}
  m_Layer: 0
  m_Name: ZunrtaurPrefab
  m_TagString: Enemy
  m_Icon: {fileID: 0}
  m_NavMeshLayer: 0
  m_StaticEditorFlags: 0
  m_IsActive: 1
--- !u!1 &1625338639716692
GameObject:
  m_ObjectHideFlags: 1
  m_PrefabParentObject: {fileID: 0}
  m_PrefabInternal: {fileID: 100100000}
  serializedVersion: 5
  m_Component:
  - component: {fileID: 4188344264901780}
  m_Layer: 0
  m_Name: L_Wrist_JNT
  m_TagString: Untagged
  m_Icon: {fileID: 0}
  m_NavMeshLayer: 0
  m_StaticEditorFlags: 0
  m_IsActive: 1
--- !u!1 &1642255404186748
GameObject:
  m_ObjectHideFlags: 1
  m_PrefabParentObject: {fileID: 0}
  m_PrefabInternal: {fileID: 100100000}
  serializedVersion: 5
  m_Component:
  - component: {fileID: 4076855839466372}
  m_Layer: 0
  m_Name: Spline_B_JNT
  m_TagString: Untagged
  m_Icon: {fileID: 0}
  m_NavMeshLayer: 0
  m_StaticEditorFlags: 0
  m_IsActive: 1
--- !u!1 &1647453629674820
GameObject:
  m_ObjectHideFlags: 1
  m_PrefabParentObject: {fileID: 0}
  m_PrefabInternal: {fileID: 100100000}
  serializedVersion: 5
  m_Component:
  - component: {fileID: 4649818938306436}
  m_Layer: 0
  m_Name: R_Clavicle_JNT
  m_TagString: Untagged
  m_Icon: {fileID: 0}
  m_NavMeshLayer: 0
  m_StaticEditorFlags: 0
  m_IsActive: 1
--- !u!1 &1667889370433528
GameObject:
  m_ObjectHideFlags: 1
  m_PrefabParentObject: {fileID: 0}
  m_PrefabInternal: {fileID: 100100000}
  serializedVersion: 5
  m_Component:
  - component: {fileID: 4793274369765710}
  m_Layer: 0
  m_Name: L_Middle_C_JNT
  m_TagString: Untagged
  m_Icon: {fileID: 0}
  m_NavMeshLayer: 0
  m_StaticEditorFlags: 0
  m_IsActive: 1
--- !u!1 &1668515349012766
GameObject:
  m_ObjectHideFlags: 1
  m_PrefabParentObject: {fileID: 0}
  m_PrefabInternal: {fileID: 100100000}
  serializedVersion: 5
  m_Component:
  - component: {fileID: 4761187178027822}
  m_Layer: 0
  m_Name: R_Middle_A_JNT
  m_TagString: Untagged
  m_Icon: {fileID: 0}
  m_NavMeshLayer: 0
  m_StaticEditorFlags: 0
  m_IsActive: 1
--- !u!1 &1685412401435028
GameObject:
  m_ObjectHideFlags: 1
  m_PrefabParentObject: {fileID: 0}
  m_PrefabInternal: {fileID: 100100000}
  serializedVersion: 5
  m_Component:
  - component: {fileID: 4199910930065224}
  m_Layer: 0
  m_Name: L_Pinky_D_JNT
  m_TagString: Untagged
  m_Icon: {fileID: 0}
  m_NavMeshLayer: 0
  m_StaticEditorFlags: 0
  m_IsActive: 1
--- !u!1 &1695885572971508
GameObject:
  m_ObjectHideFlags: 1
  m_PrefabParentObject: {fileID: 0}
  m_PrefabInternal: {fileID: 100100000}
  serializedVersion: 5
  m_Component:
  - component: {fileID: 4444230951355476}
  m_Layer: 0
  m_Name: R_Toe_JNT
  m_TagString: Untagged
  m_Icon: {fileID: 0}
  m_NavMeshLayer: 0
  m_StaticEditorFlags: 0
  m_IsActive: 1
--- !u!1 &1702018044439186
GameObject:
  m_ObjectHideFlags: 1
  m_PrefabParentObject: {fileID: 0}
  m_PrefabInternal: {fileID: 100100000}
  serializedVersion: 5
  m_Component:
  - component: {fileID: 4858673073618006}
  - component: {fileID: 137598702765534930}
  m_Layer: 0
  m_Name: All_body:Group63581
  m_TagString: Untagged
  m_Icon: {fileID: 0}
  m_NavMeshLayer: 0
  m_StaticEditorFlags: 0
  m_IsActive: 1
--- !u!1 &1715099575935932
GameObject:
  m_ObjectHideFlags: 1
  m_PrefabParentObject: {fileID: 0}
  m_PrefabInternal: {fileID: 100100000}
  serializedVersion: 5
  m_Component:
  - component: {fileID: 4185363958858684}
  m_Layer: 0
  m_Name: R_Pinky_B_JNT
  m_TagString: Untagged
  m_Icon: {fileID: 0}
  m_NavMeshLayer: 0
  m_StaticEditorFlags: 0
  m_IsActive: 1
--- !u!1 &1724194571464388
GameObject:
  m_ObjectHideFlags: 1
  m_PrefabParentObject: {fileID: 0}
  m_PrefabInternal: {fileID: 100100000}
  serializedVersion: 5
  m_Component:
  - component: {fileID: 4724501588361814}
  m_Layer: 0
  m_Name: L_Middle_A_JNT
  m_TagString: Untagged
  m_Icon: {fileID: 0}
  m_NavMeshLayer: 0
  m_StaticEditorFlags: 0
  m_IsActive: 1
--- !u!1 &1734966131831456
GameObject:
  m_ObjectHideFlags: 1
  m_PrefabParentObject: {fileID: 0}
  m_PrefabInternal: {fileID: 100100000}
  serializedVersion: 5
  m_Component:
  - component: {fileID: 4639379277889508}
  m_Layer: 0
  m_Name: R_Hip_JNT
  m_TagString: Untagged
  m_Icon: {fileID: 0}
  m_NavMeshLayer: 0
  m_StaticEditorFlags: 0
  m_IsActive: 1
--- !u!1 &1747741814782582
GameObject:
  m_ObjectHideFlags: 1
  m_PrefabParentObject: {fileID: 0}
  m_PrefabInternal: {fileID: 100100000}
  serializedVersion: 5
  m_Component:
  - component: {fileID: 4168005793871790}
  m_Layer: 0
  m_Name: R_Ring_A_JNT
  m_TagString: Untagged
  m_Icon: {fileID: 0}
  m_NavMeshLayer: 0
  m_StaticEditorFlags: 0
  m_IsActive: 1
--- !u!1 &1763069593447986
GameObject:
  m_ObjectHideFlags: 1
  m_PrefabParentObject: {fileID: 0}
  m_PrefabInternal: {fileID: 100100000}
  serializedVersion: 5
  m_Component:
  - component: {fileID: 4473814174520430}
  m_Layer: 0
  m_Name: L_AnKle_JNT
  m_TagString: Untagged
  m_Icon: {fileID: 0}
  m_NavMeshLayer: 0
  m_StaticEditorFlags: 0
  m_IsActive: 1
--- !u!1 &1769163886097946
GameObject:
  m_ObjectHideFlags: 1
  m_PrefabParentObject: {fileID: 0}
  m_PrefabInternal: {fileID: 100100000}
  serializedVersion: 5
  m_Component:
  - component: {fileID: 4554183780573010}
  m_Layer: 0
  m_Name: L_Thumb_A_JNT
  m_TagString: Untagged
  m_Icon: {fileID: 0}
  m_NavMeshLayer: 0
  m_StaticEditorFlags: 0
  m_IsActive: 1
--- !u!1 &1779090105603020
GameObject:
  m_ObjectHideFlags: 1
  m_PrefabParentObject: {fileID: 0}
  m_PrefabInternal: {fileID: 100100000}
  serializedVersion: 5
  m_Component:
  - component: {fileID: 4227256111935466}
  m_Layer: 0
  m_Name: Root_JNT
  m_TagString: Untagged
  m_Icon: {fileID: 0}
  m_NavMeshLayer: 0
  m_StaticEditorFlags: 0
  m_IsActive: 1
--- !u!1 &1784070920803740
GameObject:
  m_ObjectHideFlags: 1
  m_PrefabParentObject: {fileID: 0}
  m_PrefabInternal: {fileID: 100100000}
  serializedVersion: 5
  m_Component:
  - component: {fileID: 4449401709327374}
  m_Layer: 0
  m_Name: L_Thumb_END
  m_TagString: Untagged
  m_Icon: {fileID: 0}
  m_NavMeshLayer: 0
  m_StaticEditorFlags: 0
  m_IsActive: 1
--- !u!1 &1784569436495724
GameObject:
  m_ObjectHideFlags: 1
  m_PrefabParentObject: {fileID: 0}
  m_PrefabInternal: {fileID: 100100000}
  serializedVersion: 5
  m_Component:
  - component: {fileID: 4752429926170988}
  m_Layer: 0
  m_Name: R_Pinky_END
  m_TagString: Untagged
  m_Icon: {fileID: 0}
  m_NavMeshLayer: 0
  m_StaticEditorFlags: 0
  m_IsActive: 1
--- !u!1 &1801914562682734
GameObject:
  m_ObjectHideFlags: 1
  m_PrefabParentObject: {fileID: 0}
  m_PrefabInternal: {fileID: 100100000}
  serializedVersion: 5
  m_Component:
  - component: {fileID: 4825479850144944}
  m_Layer: 0
  m_Name: R_Thumb_C_JNT
  m_TagString: Untagged
  m_Icon: {fileID: 0}
  m_NavMeshLayer: 0
  m_StaticEditorFlags: 0
  m_IsActive: 1
--- !u!1 &1808471097390580
GameObject:
  m_ObjectHideFlags: 1
  m_PrefabParentObject: {fileID: 0}
  m_PrefabInternal: {fileID: 100100000}
  serializedVersion: 5
  m_Component:
  - component: {fileID: 4206801505773192}
  m_Layer: 0
  m_Name: R_Middle_B_JNT
  m_TagString: Untagged
  m_Icon: {fileID: 0}
  m_NavMeshLayer: 0
  m_StaticEditorFlags: 0
  m_IsActive: 1
--- !u!1 &1811361006119640
GameObject:
  m_ObjectHideFlags: 1
  m_PrefabParentObject: {fileID: 0}
  m_PrefabInternal: {fileID: 100100000}
  serializedVersion: 5
  m_Component:
  - component: {fileID: 4948654109895580}
  m_Layer: 0
  m_Name: joint13
  m_TagString: Untagged
  m_Icon: {fileID: 0}
  m_NavMeshLayer: 0
  m_StaticEditorFlags: 0
  m_IsActive: 1
--- !u!1 &1813075446378870
GameObject:
  m_ObjectHideFlags: 0
  m_PrefabParentObject: {fileID: 0}
  m_PrefabInternal: {fileID: 100100000}
  serializedVersion: 5
  m_Component:
  - component: {fileID: 4987509020141392}
  m_Layer: 0
  m_Name: Waypoint1
  m_TagString: Untagged
  m_Icon: {fileID: 0}
  m_NavMeshLayer: 0
  m_StaticEditorFlags: 0
  m_IsActive: 1
--- !u!1 &1813676546851830
GameObject:
  m_ObjectHideFlags: 1
  m_PrefabParentObject: {fileID: 0}
  m_PrefabInternal: {fileID: 100100000}
  serializedVersion: 5
  m_Component:
  - component: {fileID: 4397184031235896}
  m_Layer: 0
  m_Name: R_Index_C_JNT
  m_TagString: Untagged
  m_Icon: {fileID: 0}
  m_NavMeshLayer: 0
  m_StaticEditorFlags: 0
  m_IsActive: 1
--- !u!1 &1819575075332506
GameObject:
  m_ObjectHideFlags: 1
  m_PrefabParentObject: {fileID: 0}
  m_PrefabInternal: {fileID: 100100000}
  serializedVersion: 5
  m_Component:
  - component: {fileID: 4472742092112724}
  m_Layer: 0
  m_Name: R_Pinky_D_JNT
  m_TagString: Untagged
  m_Icon: {fileID: 0}
  m_NavMeshLayer: 0
  m_StaticEditorFlags: 0
  m_IsActive: 1
--- !u!1 &1824649773984502
GameObject:
  m_ObjectHideFlags: 1
  m_PrefabParentObject: {fileID: 0}
  m_PrefabInternal: {fileID: 100100000}
  serializedVersion: 5
  m_Component:
  - component: {fileID: 4060208135996608}
  - component: {fileID: 95028026161928898}
  - component: {fileID: 114808146735303670}
  m_Layer: 0
  m_Name: Minotaur
  m_TagString: Untagged
  m_Icon: {fileID: 0}
  m_NavMeshLayer: 0
  m_StaticEditorFlags: 0
  m_IsActive: 1
--- !u!1 &1829189365750420
GameObject:
  m_ObjectHideFlags: 1
  m_PrefabParentObject: {fileID: 0}
  m_PrefabInternal: {fileID: 100100000}
  serializedVersion: 5
  m_Component:
  - component: {fileID: 4861008986701542}
  m_Layer: 0
  m_Name: L_Ring_B_JNT
  m_TagString: Untagged
  m_Icon: {fileID: 0}
  m_NavMeshLayer: 0
  m_StaticEditorFlags: 0
  m_IsActive: 1
--- !u!1 &1852458826323366
GameObject:
  m_ObjectHideFlags: 1
  m_PrefabParentObject: {fileID: 0}
  m_PrefabInternal: {fileID: 100100000}
  serializedVersion: 5
  m_Component:
  - component: {fileID: 4322221433773248}
  m_Layer: 0
  m_Name: R_Ring_B_JNT
  m_TagString: Untagged
  m_Icon: {fileID: 0}
  m_NavMeshLayer: 0
  m_StaticEditorFlags: 0
  m_IsActive: 1
--- !u!1 &1865641282130552
GameObject:
  m_ObjectHideFlags: 1
  m_PrefabParentObject: {fileID: 0}
  m_PrefabInternal: {fileID: 100100000}
  serializedVersion: 5
  m_Component:
  - component: {fileID: 4582722824745430}
  m_Layer: 0
  m_Name: L_Index_A_JNT
  m_TagString: Untagged
  m_Icon: {fileID: 0}
  m_NavMeshLayer: 0
  m_StaticEditorFlags: 0
  m_IsActive: 1
--- !u!1 &1887916116559870
GameObject:
  m_ObjectHideFlags: 1
  m_PrefabParentObject: {fileID: 0}
  m_PrefabInternal: {fileID: 100100000}
  serializedVersion: 5
  m_Component:
  - component: {fileID: 4139044692192432}
  m_Layer: 0
  m_Name: R_Elbow_JNT
  m_TagString: Untagged
  m_Icon: {fileID: 0}
  m_NavMeshLayer: 0
  m_StaticEditorFlags: 0
  m_IsActive: 1
--- !u!1 &1951974711547992
GameObject:
  m_ObjectHideFlags: 1
  m_PrefabParentObject: {fileID: 0}
  m_PrefabInternal: {fileID: 100100000}
  serializedVersion: 5
  m_Component:
  - component: {fileID: 4800418508512966}
  m_Layer: 0
  m_Name: L_Hip_JNT
  m_TagString: Untagged
  m_Icon: {fileID: 0}
  m_NavMeshLayer: 0
  m_StaticEditorFlags: 0
  m_IsActive: 1
--- !u!1 &1953860742371732
GameObject:
  m_ObjectHideFlags: 1
  m_PrefabParentObject: {fileID: 0}
  m_PrefabInternal: {fileID: 100100000}
  serializedVersion: 5
  m_Component:
  - component: {fileID: 4666861771274582}
  m_Layer: 0
  m_Name: L_Pinky_C_JNT
  m_TagString: Untagged
  m_Icon: {fileID: 0}
  m_NavMeshLayer: 0
  m_StaticEditorFlags: 0
  m_IsActive: 1
--- !u!1 &1958231232659778
GameObject:
  m_ObjectHideFlags: 1
  m_PrefabParentObject: {fileID: 0}
  m_PrefabInternal: {fileID: 100100000}
  serializedVersion: 5
  m_Component:
  - component: {fileID: 4016660575632146}
  m_Layer: 0
  m_Name: R_Index_A_JNT
  m_TagString: Untagged
  m_Icon: {fileID: 0}
  m_NavMeshLayer: 0
  m_StaticEditorFlags: 0
  m_IsActive: 1
--- !u!1 &1959794610431808
GameObject:
  m_ObjectHideFlags: 1
  m_PrefabParentObject: {fileID: 0}
  m_PrefabInternal: {fileID: 100100000}
  serializedVersion: 5
  m_Component:
  - component: {fileID: 4484442341569286}
  - component: {fileID: 137562628495184406}
  m_Layer: 0
  m_Name: All_body:Group2
  m_TagString: Untagged
  m_Icon: {fileID: 0}
  m_NavMeshLayer: 0
  m_StaticEditorFlags: 0
  m_IsActive: 1
--- !u!1 &1980000883788692
GameObject:
  m_ObjectHideFlags: 1
  m_PrefabParentObject: {fileID: 0}
  m_PrefabInternal: {fileID: 100100000}
  serializedVersion: 5
  m_Component:
  - component: {fileID: 4768791919801244}
  m_Layer: 0
  m_Name: R_Index_B_JNT
  m_TagString: Untagged
  m_Icon: {fileID: 0}
  m_NavMeshLayer: 0
  m_StaticEditorFlags: 0
  m_IsActive: 1
--- !u!1 &1981076150287646
GameObject:
  m_ObjectHideFlags: 1
  m_PrefabParentObject: {fileID: 0}
  m_PrefabInternal: {fileID: 100100000}
  serializedVersion: 5
  m_Component:
  - component: {fileID: 4540811192760282}
  m_Layer: 0
  m_Name: L_Fibula_JNt
  m_TagString: Untagged
  m_Icon: {fileID: 0}
  m_NavMeshLayer: 0
  m_StaticEditorFlags: 0
  m_IsActive: 1
--- !u!1 &1994543045075696
GameObject:
  m_ObjectHideFlags: 1
  m_PrefabParentObject: {fileID: 0}
  m_PrefabInternal: {fileID: 100100000}
  serializedVersion: 5
  m_Component:
  - component: {fileID: 4052628008028040}
  m_Layer: 0
  m_Name: L_Ring_A_JNT
  m_TagString: Untagged
  m_Icon: {fileID: 0}
  m_NavMeshLayer: 0
  m_StaticEditorFlags: 0
  m_IsActive: 1
--- !u!4 &4014941115735554
Transform:
  m_ObjectHideFlags: 1
  m_PrefabParentObject: {fileID: 0}
  m_PrefabInternal: {fileID: 100100000}
  m_GameObject: {fileID: 1432759029959012}
  m_LocalRotation: {x: 0.000065137545, y: 0.0018657113, z: 0.0100098355, w: 0.9999482}
  m_LocalPosition: {x: 12.827482, y: -0.00022759757, z: -0.0000732858}
  m_LocalScale: {x: 1, y: 1, z: 1}
  m_Children:
  - {fileID: 4208330715048916}
  m_Father: {fileID: 4334099154474228}
  m_RootOrder: 0
  m_LocalEulerAnglesHint: {x: 0, y: 0, z: 0}
--- !u!4 &4016660575632146
Transform:
  m_ObjectHideFlags: 1
  m_PrefabParentObject: {fileID: 0}
  m_PrefabInternal: {fileID: 100100000}
  m_GameObject: {fileID: 1958231232659778}
  m_LocalRotation: {x: -0.00051798765, y: -0.039846137, z: 0.013653459, w: 0.9991124}
  m_LocalPosition: {x: -2.188444, y: 0.002176801, z: -1.231823}
  m_LocalScale: {x: 1, y: 1, z: 1}
  m_Children:
  - {fileID: 4768791919801244}
  m_Father: {fileID: 4216278821435476}
  m_RootOrder: 0
  m_LocalEulerAnglesHint: {x: 0, y: 0, z: 0}
--- !u!4 &4044548327519990
Transform:
  m_ObjectHideFlags: 1
  m_PrefabParentObject: {fileID: 0}
  m_PrefabInternal: {fileID: 100100000}
  m_GameObject: {fileID: 1281189388346434}
  m_LocalRotation: {x: -0.0011987502, y: -0.040923756, z: -0.0072555365, w: 0.9991352}
  m_LocalPosition: {x: 24.848099, y: -0.3588086, z: 2.0394762}
  m_LocalScale: {x: 1, y: 1, z: 1}
  m_Children:
  - {fileID: 4188344264901780}
  m_Father: {fileID: 4397654071528976}
  m_RootOrder: 0
  m_LocalEulerAnglesHint: {x: 0, y: 0, z: 0}
--- !u!4 &4052628008028040
Transform:
  m_ObjectHideFlags: 1
  m_PrefabParentObject: {fileID: 0}
  m_PrefabInternal: {fileID: 100100000}
  m_GameObject: {fileID: 1994543045075696}
  m_LocalRotation: {x: 0.00010680194, y: 0.09448116, z: -0.0004535509, w: 0.99552655}
  m_LocalPosition: {x: 2.7488577, y: -0.0020236112, z: -4.050636}
  m_LocalScale: {x: 1, y: 1, z: 1}
  m_Children:
  - {fileID: 4861008986701542}
  m_Father: {fileID: 4188344264901780}
  m_RootOrder: 3
  m_LocalEulerAnglesHint: {x: 0, y: 0, z: 0}
--- !u!4 &4054240671490240
Transform:
  m_ObjectHideFlags: 1
  m_PrefabParentObject: {fileID: 0}
  m_PrefabInternal: {fileID: 100100000}
  m_GameObject: {fileID: 1062579058989912}
  m_LocalRotation: {x: -0, y: -0.7071067, z: 0, w: 0.7071068}
  m_LocalPosition: {x: -49.390778, y: 5.754714e-15, z: 1.1377099e-14}
  m_LocalScale: {x: 1, y: 1, z: 1}
  m_Children: []
  m_Father: {fileID: 4473814174520430}
  m_RootOrder: 0
  m_LocalEulerAnglesHint: {x: 0, y: 0, z: 0}
--- !u!4 &4057950308854310
Transform:
  m_ObjectHideFlags: 1
  m_PrefabParentObject: {fileID: 0}
  m_PrefabInternal: {fileID: 100100000}
  m_GameObject: {fileID: 1391624903507272}
  m_LocalRotation: {x: -1.4713842e-17, y: 1.6588216e-16, z: 0.08835367, w: 0.99608916}
  m_LocalPosition: {x: -24.450708, y: -1.6887656e-16, z: -4.1367183e-15}
  m_LocalScale: {x: 1, y: 1, z: 1}
  m_Children:
  - {fileID: 4744191597556610}
  m_Father: {fileID: 4076855839466372}
  m_RootOrder: 0
  m_LocalEulerAnglesHint: {x: 0, y: 0, z: 0}
--- !u!4 &4060208135996608
Transform:
  m_ObjectHideFlags: 1
  m_PrefabParentObject: {fileID: 0}
  m_PrefabInternal: {fileID: 100100000}
  m_GameObject: {fileID: 1824649773984502}
  m_LocalRotation: {x: 0, y: 0, z: 0, w: 1}
  m_LocalPosition: {x: 0, y: 0, z: 0}
  m_LocalScale: {x: 1, y: 1, z: 1}
  m_Children:
  - {fileID: 4658186942091516}
  - {fileID: 4227256111935466}
  m_Father: {fileID: 4789811426361042}
  m_RootOrder: 0
  m_LocalEulerAnglesHint: {x: 0, y: 0, z: 0}
--- !u!4 &4076855839466372
Transform:
  m_ObjectHideFlags: 1
  m_PrefabParentObject: {fileID: 0}
  m_PrefabInternal: {fileID: 100100000}
  m_GameObject: {fileID: 1642255404186748}
  m_LocalRotation: {x: 0.99272966, y: -0.12036518, z: -6.247781e-17, w: 5.4105553e-17}
  m_LocalPosition: {x: -26.517193, y: -1.6483908e-14, z: 5.3331884e-15}
  m_LocalScale: {x: 1, y: 1, z: 1}
  m_Children:
  - {fileID: 4057950308854310}
  m_Father: {fileID: 4974941550062434}
  m_RootOrder: 0
  m_LocalEulerAnglesHint: {x: 0, y: 0, z: 0}
--- !u!4 &4095574199504486
Transform:
  m_ObjectHideFlags: 1
  m_PrefabParentObject: {fileID: 0}
  m_PrefabInternal: {fileID: 100100000}
  m_GameObject: {fileID: 1245007422981652}
  m_LocalRotation: {x: 0, y: -0, z: -0, w: 1}
  m_LocalPosition: {x: -0, y: 0, z: 0}
  m_LocalScale: {x: 1, y: 1, z: 1}
  m_Children: []
  m_Father: {fileID: 4658186942091516}
  m_RootOrder: 3
  m_LocalEulerAnglesHint: {x: 0, y: 0, z: 0}
--- !u!4 &4096910041082830
Transform:
  m_ObjectHideFlags: 1
  m_PrefabParentObject: {fileID: 0}
  m_PrefabInternal: {fileID: 100100000}
  m_GameObject: {fileID: 1555572816980520}
  m_LocalRotation: {x: 0.7295371, y: 0.6800924, z: 0.028857924, w: -0.06646169}
  m_LocalPosition: {x: -186.03625, y: -1.3322676e-15, z: -4.7073456e-14}
  m_LocalScale: {x: 1, y: 1, z: 1}
  m_Children:
  - {fileID: 4540811192760282}
  m_Father: {fileID: 4800418508512966}
  m_RootOrder: 0
  m_LocalEulerAnglesHint: {x: 0, y: 0, z: 0}
--- !u!4 &4101417071804428
Transform:
  m_ObjectHideFlags: 1
  m_PrefabParentObject: {fileID: 0}
  m_PrefabInternal: {fileID: 100100000}
  m_GameObject: {fileID: 1040277977080144}
  m_LocalRotation: {x: 0.00014285438, y: 0.17406619, z: -0.00044351743, w: 0.9847339}
  m_LocalPosition: {x: -0.46676356, y: -0.00028960378, z: 5.6759663}
  m_LocalScale: {x: 1, y: 1, z: 1}
  m_Children:
  - {fileID: 4185363958858684}
  m_Father: {fileID: 4216278821435476}
  m_RootOrder: 2
  m_LocalEulerAnglesHint: {x: 0, y: 0, z: 0}
--- !u!4 &4102283935583514
Transform:
  m_ObjectHideFlags: 1
  m_PrefabParentObject: {fileID: 0}
  m_PrefabInternal: {fileID: 100100000}
  m_GameObject: {fileID: 1589862800166682}
  m_LocalRotation: {x: 0, y: 0, z: 0, w: 1}
  m_LocalPosition: {x: 136.95, y: -0.04, z: -0}
  m_LocalScale: {x: 1, y: 1, z: 1}
  m_Children:
  - {fileID: 4789811426361042}
  - {fileID: 4987509020141392}
  - {fileID: 4159579168112634}
  - {fileID: 4146590904376470}
  m_Father: {fileID: 0}
  m_RootOrder: 0
  m_LocalEulerAnglesHint: {x: 0, y: 0, z: 0}
--- !u!4 &4123924247252658
Transform:
  m_ObjectHideFlags: 1
  m_PrefabParentObject: {fileID: 0}
  m_PrefabInternal: {fileID: 100100000}
  m_GameObject: {fileID: 1441000523125064}
  m_LocalRotation: {x: 0.0000109449675, y: 0.00085231283, z: 0.012840425, w: 0.9999172}
  m_LocalPosition: {x: 30.860767, y: 0, z: -0.000027768314}
  m_LocalScale: {x: 1, y: 1, z: 1}
  m_Children:
  - {fileID: 4793274369765710}
  m_Father: {fileID: 4724501588361814}
  m_RootOrder: 0
  m_LocalEulerAnglesHint: {x: 0, y: 0, z: 0}
--- !u!4 &4139002450064898
Transform:
  m_ObjectHideFlags: 1
  m_PrefabParentObject: {fileID: 0}
  m_PrefabInternal: {fileID: 100100000}
  m_GameObject: {fileID: 1468771648685568}
  m_LocalRotation: {x: -0.00001865904, y: -0.00021167679, z: -0.041775387, w: 0.99912703}
  m_LocalPosition: {x: -11.440318, y: -7.95923e-15, z: -2.0554422e-16}
  m_LocalScale: {x: 1, y: 1, z: 1}
  m_Children:
  - {fileID: 4466612959917728}
  m_Father: {fileID: 4322221433773248}
  m_RootOrder: 0
  m_LocalEulerAnglesHint: {x: 0, y: 0, z: 0}
--- !u!4 &4139044692192432
Transform:
  m_ObjectHideFlags: 1
  m_PrefabParentObject: {fileID: 0}
  m_PrefabInternal: {fileID: 100100000}
  m_GameObject: {fileID: 1887916116559870}
  m_LocalRotation: {x: 0, y: -0, z: -0, w: 1}
  m_LocalPosition: {x: -107.6539, y: 1.5549542, z: 2.488724}
  m_LocalScale: {x: 1, y: 1, z: 1}
  m_Children:
  - {fileID: 4757022657424852}
  m_Father: {fileID: 4343948721304336}
  m_RootOrder: 0
  m_LocalEulerAnglesHint: {x: 0, y: 0, z: 0}
--- !u!4 &4146590904376470
Transform:
  m_ObjectHideFlags: 1
  m_PrefabParentObject: {fileID: 0}
  m_PrefabInternal: {fileID: 100100000}
  m_GameObject: {fileID: 1310326745720566}
  m_LocalRotation: {x: -0, y: -0, z: -0, w: -1}
  m_LocalPosition: {x: 15.45, y: -4.701132, z: 0}
  m_LocalScale: {x: 1.3473701, y: 1.3473704, z: 1.3473704}
  m_Children: []
  m_Father: {fileID: 4102283935583514}
  m_RootOrder: 3
  m_LocalEulerAnglesHint: {x: 0, y: 0, z: 0}
--- !u!4 &4159579168112634
Transform:
  m_ObjectHideFlags: 1
  m_PrefabParentObject: {fileID: 0}
  m_PrefabInternal: {fileID: 100100000}
  m_GameObject: {fileID: 1149292745258370}
  m_LocalRotation: {x: -0, y: -0, z: -0, w: -1}
  m_LocalPosition: {x: 0.02999878, y: -4.701132, z: 0}
  m_LocalScale: {x: 1.3473701, y: 1.3473704, z: 1.3473704}
  m_Children: []
  m_Father: {fileID: 4102283935583514}
  m_RootOrder: 2
  m_LocalEulerAnglesHint: {x: 0, y: 0, z: 0}
--- !u!4 &4164715617300694
Transform:
  m_ObjectHideFlags: 1
  m_PrefabParentObject: {fileID: 0}
  m_PrefabInternal: {fileID: 100100000}
  m_GameObject: {fileID: 1331613138108842}
  m_LocalRotation: {x: 0.0030012126, y: -0.16804312, z: 0.05512498, w: 0.9842326}
  m_LocalPosition: {x: 46.482697, y: 0.00065973063, z: -0.000042286367}
  m_LocalScale: {x: 1, y: 1, z: 1}
  m_Children:
  - {fileID: 4397654071528976}
  m_Father: {fileID: 4957306736453594}
  m_RootOrder: 0
  m_LocalEulerAnglesHint: {x: 0, y: 0, z: 0}
--- !u!4 &4168005793871790
Transform:
  m_ObjectHideFlags: 1
  m_PrefabParentObject: {fileID: 0}
  m_PrefabInternal: {fileID: 100100000}
  m_GameObject: {fileID: 1747741814782582}
  m_LocalRotation: {x: 0.00010680194, y: 0.09448116, z: -0.0004535509, w: 0.99552655}
  m_LocalPosition: {x: -2.7493336, y: 0.002024045, z: 4.050679}
  m_LocalScale: {x: 1, y: 1, z: 1}
  m_Children:
  - {fileID: 4322221433773248}
  m_Father: {fileID: 4216278821435476}
  m_RootOrder: 3
  m_LocalEulerAnglesHint: {x: 0, y: 0, z: 0}
--- !u!4 &4180542615595330
Transform:
  m_ObjectHideFlags: 1
  m_PrefabParentObject: {fileID: 0}
  m_PrefabInternal: {fileID: 100100000}
  m_GameObject: {fileID: 1122645012969554}
  m_LocalRotation: {x: -0.000018659037, y: -0.00021167679, z: -0.041775387, w: 0.99912703}
  m_LocalPosition: {x: 11.439713, y: 0.000325944, z: 0.0000040762975}
  m_LocalScale: {x: 1, y: 1, z: 1}
  m_Children:
  - {fileID: 4349729756483228}
  m_Father: {fileID: 4861008986701542}
  m_RootOrder: 0
  m_LocalEulerAnglesHint: {x: 0, y: 0, z: 0}
--- !u!4 &4185363958858684
Transform:
  m_ObjectHideFlags: 1
  m_PrefabParentObject: {fileID: 0}
  m_PrefabInternal: {fileID: 100100000}
  m_GameObject: {fileID: 1715099575935932}
  m_LocalRotation: {x: -0.0049776738, y: -0.06738245, z: 0.07350287, w: 0.9950036}
  m_LocalPosition: {x: -32.328125, y: -2.8295346e-13, z: -5.50211e-15}
  m_LocalScale: {x: 1, y: 1, z: 1}
  m_Children:
  - {fileID: 4827613218996096}
  m_Father: {fileID: 4101417071804428}
  m_RootOrder: 0
  m_LocalEulerAnglesHint: {x: 0, y: 0, z: 0}
--- !u!4 &4188344264901780
Transform:
  m_ObjectHideFlags: 1
  m_PrefabParentObject: {fileID: 0}
  m_PrefabInternal: {fileID: 100100000}
  m_GameObject: {fileID: 1625338639716692}
  m_LocalRotation: {x: 0.00005721573, y: 0.00985283, z: -0.011323972, w: 0.99988735}
  m_LocalPosition: {x: 82.887955, y: 0.0001800894, z: -0.000032261785}
  m_LocalScale: {x: 1, y: 1, z: 1}
  m_Children:
  - {fileID: 4582722824745430}
  - {fileID: 4724501588361814}
  - {fileID: 4684689049063370}
  - {fileID: 4052628008028040}
  - {fileID: 4554183780573010}
  m_Father: {fileID: 4044548327519990}
  m_RootOrder: 0
  m_LocalEulerAnglesHint: {x: 0, y: 0, z: 0}
--- !u!4 &4199910930065224
Transform:
  m_ObjectHideFlags: 1
  m_PrefabParentObject: {fileID: 0}
  m_PrefabInternal: {fileID: 100100000}
  m_GameObject: {fileID: 1685412401435028}
  m_LocalRotation: {x: 0, y: 0.0029926633, z: -0, w: 0.9999955}
  m_LocalPosition: {x: 7.6209745, y: 0, z: 0.00001720713}
  m_LocalScale: {x: 1, y: 1, z: 1}
  m_Children: []
  m_Father: {fileID: 4666861771274582}
  m_RootOrder: 0
  m_LocalEulerAnglesHint: {x: 0, y: 0, z: 0}
--- !u!4 &4206801505773192
Transform:
  m_ObjectHideFlags: 1
  m_PrefabParentObject: {fileID: 0}
  m_PrefabInternal: {fileID: 100100000}
  m_GameObject: {fileID: 1808471097390580}
  m_LocalRotation: {x: 0.000010944963, y: 0.00085231283, z: 0.012840425, w: 0.9999172}
  m_LocalPosition: {x: -30.860043, y: -1.462539e-13, z: 3.445644e-14}
  m_LocalScale: {x: 1, y: 1, z: 1}
  m_Children:
  - {fileID: 4437830951200910}
  m_Father: {fileID: 4761187178027822}
  m_RootOrder: 0
  m_LocalEulerAnglesHint: {x: 0, y: 0, z: 0}
--- !u!4 &4208330715048916
Transform:
  m_ObjectHideFlags: 1
  m_PrefabParentObject: {fileID: 0}
  m_PrefabInternal: {fileID: 100100000}
  m_GameObject: {fileID: 1270900962143274}
  m_LocalRotation: {x: -0.000066712935, y: -0.0029705395, z: -0.022452427, w: 0.9997435}
  m_LocalPosition: {x: 8.453801, y: 0.000477792, z: 0.000055754987}
  m_LocalScale: {x: 1, y: 1, z: 1}
  m_Children:
  - {fileID: 4338233435303916}
  m_Father: {fileID: 4014941115735554}
  m_RootOrder: 0
  m_LocalEulerAnglesHint: {x: 0, y: 0, z: 0}
--- !u!4 &4216278821435476
Transform:
  m_ObjectHideFlags: 1
  m_PrefabParentObject: {fileID: 0}
  m_PrefabInternal: {fileID: 100100000}
  m_GameObject: {fileID: 1153308540044446}
  m_LocalRotation: {x: 0.00005721573, y: 0.00985283, z: -0.011323972, w: 0.99988735}
  m_LocalPosition: {x: -82.88766, y: 3.1067163e-14, z: 2.3980817e-14}
  m_LocalScale: {x: 1, y: 1, z: 1}
  m_Children:
  - {fileID: 4016660575632146}
  - {fileID: 4761187178027822}
  - {fileID: 4101417071804428}
  - {fileID: 4168005793871790}
  - {fileID: 4399427495860266}
  m_Father: {fileID: 4757022657424852}
  m_RootOrder: 0
  m_LocalEulerAnglesHint: {x: 0, y: 0, z: 0}
--- !u!4 &4217388067314886
Transform:
  m_ObjectHideFlags: 1
  m_PrefabParentObject: {fileID: 0}
  m_PrefabInternal: {fileID: 100100000}
  m_GameObject: {fileID: 1088702809101712}
  m_LocalRotation: {x: -0, y: -0.7071068, z: -0, w: 0.7071068}
  m_LocalPosition: {x: 0.009999858, y: 4.9, z: 0}
  m_LocalScale: {x: 0.7421871, y: 0.74218637, z: 0.74218696}
  m_Children: []
  m_Father: {fileID: 4789811426361042}
  m_RootOrder: 1
  m_LocalEulerAnglesHint: {x: 0, y: 90, z: 0}
--- !u!4 &4227256111935466
Transform:
  m_ObjectHideFlags: 1
  m_PrefabParentObject: {fileID: 0}
  m_PrefabInternal: {fileID: 100100000}
  m_GameObject: {fileID: 1779090105603020}
  m_LocalRotation: {x: -0.4249894, y: 0.5651407, z: -0.4249894, w: 0.5651407}
  m_LocalPosition: {x: 5.981695e-17, y: 3.9399407, z: -0.18319769}
  m_LocalScale: {x: 0.01, y: 0.01, z: 0.01}
  m_Children:
  - {fileID: 4948654109895580}
  - {fileID: 4800418508512966}
  - {fileID: 4639379277889508}
  - {fileID: 4974941550062434}
  m_Father: {fileID: 4060208135996608}
  m_RootOrder: 1
  m_LocalEulerAnglesHint: {x: 0, y: 0, z: 0}
--- !u!4 &4234238066263560
Transform:
  m_ObjectHideFlags: 1
  m_PrefabParentObject: {fileID: 0}
  m_PrefabInternal: {fileID: 100100000}
  m_GameObject: {fileID: 1071933654550208}
  m_LocalRotation: {x: -0.000066712935, y: -0.0029705395, z: -0.022452427, w: 0.9997435}
  m_LocalPosition: {x: -8.454202, y: -2.2334273e-14, z: 2.1448062e-15}
  m_LocalScale: {x: 1, y: 1, z: 1}
  m_Children: []
  m_Father: {fileID: 4397184031235896}
  m_RootOrder: 0
  m_LocalEulerAnglesHint: {x: 0, y: 0, z: 0}
--- !u!4 &4320071022460364
Transform:
  m_ObjectHideFlags: 1
  m_PrefabParentObject: {fileID: 0}
  m_PrefabInternal: {fileID: 100100000}
  m_GameObject: {fileID: 1491564697014934}
  m_LocalRotation: {x: -1.110223e-16, y: -5.551115e-17, z: -0.16845898, w: 0.98570865}
  m_LocalPosition: {x: -38.958263, y: 0, z: 3.9552678e-15}
  m_LocalScale: {x: 1, y: 1, z: 1}
  m_Children:
  - {fileID: 4446453811111262}
  m_Father: {fileID: 4467097848689884}
  m_RootOrder: 0
  m_LocalEulerAnglesHint: {x: 0, y: 0, z: 0}
--- !u!4 &4322221433773248
Transform:
  m_ObjectHideFlags: 1
  m_PrefabParentObject: {fileID: 0}
  m_PrefabInternal: {fileID: 100100000}
  m_GameObject: {fileID: 1852458826323366}
  m_LocalRotation: {x: -0.0024379308, y: -0.037538044, z: 0.064763196, w: 0.9971914}
  m_LocalPosition: {x: -31.410862, y: -2.5126312e-13, z: 1.345608e-14}
  m_LocalScale: {x: 1, y: 1, z: 1}
  m_Children:
  - {fileID: 4139002450064898}
  m_Father: {fileID: 4168005793871790}
  m_RootOrder: 0
  m_LocalEulerAnglesHint: {x: 0, y: 0, z: 0}
--- !u!4 &4334099154474228
Transform:
  m_ObjectHideFlags: 1
  m_PrefabParentObject: {fileID: 0}
  m_PrefabInternal: {fileID: 100100000}
  m_GameObject: {fileID: 1536413358723620}
  m_LocalRotation: {x: 0.00040806286, y: 0.015352521, z: -0.0016842884, w: 0.9998807}
  m_LocalPosition: {x: 32.26613, y: 0.0003527972, z: 0.00011574804}
  m_LocalScale: {x: 1, y: 1, z: 1}
  m_Children:
  - {fileID: 4014941115735554}
  m_Father: {fileID: 4582722824745430}
  m_RootOrder: 0
  m_LocalEulerAnglesHint: {x: 0, y: 0, z: 0}
--- !u!4 &4338233435303916
Transform:
  m_ObjectHideFlags: 1
  m_PrefabParentObject: {fileID: 0}
  m_PrefabInternal: {fileID: 100100000}
  m_GameObject: {fileID: 1419095279571018}
  m_LocalRotation: {x: -5.667178e-17, y: 0.99741244, z: 5.667178e-17, w: -0.071892194}
  m_LocalPosition: {x: 11.215937, y: -2.6147973e-12, z: -0.0000136079225}
  m_LocalScale: {x: 1, y: 1, z: 1}
  m_Children: []
  m_Father: {fileID: 4208330715048916}
  m_RootOrder: 0
  m_LocalEulerAnglesHint: {x: 0, y: 0, z: 0}
--- !u!4 &4343948721304336
Transform:
  m_ObjectHideFlags: 1
  m_PrefabParentObject: {fileID: 0}
  m_PrefabInternal: {fileID: 100100000}
  m_GameObject: {fileID: 1502769618015198}
  m_LocalRotation: {x: 0.0030012126, y: -0.16804312, z: 0.05512498, w: 0.9842326}
  m_LocalPosition: {x: -46.48276, y: 1.3885743e-13, z: 7.119026e-15}
  m_LocalScale: {x: 1, y: 1, z: 1}
  m_Children:
  - {fileID: 4139044692192432}
  m_Father: {fileID: 4649818938306436}
  m_RootOrder: 0
  m_LocalEulerAnglesHint: {x: 0, y: 0, z: 0}
--- !u!4 &4349729756483228
Transform:
  m_ObjectHideFlags: 1
  m_PrefabParentObject: {fileID: 0}
  m_PrefabInternal: {fileID: 100100000}
  m_GameObject: {fileID: 1534843236187996}
  m_LocalRotation: {x: -1.1638459e-16, y: 0.000039880906, z: -0.023064923, w: 0.999734}
  m_LocalPosition: {x: 9.207818, y: 0.00035817362, z: -0.00004266237}
  m_LocalScale: {x: 1, y: 1, z: 1}
  m_Children: []
  m_Father: {fileID: 4180542615595330}
  m_RootOrder: 0
  m_LocalEulerAnglesHint: {x: 0, y: 0, z: 0}
--- !u!4 &4397184031235896
Transform:
  m_ObjectHideFlags: 1
  m_PrefabParentObject: {fileID: 0}
  m_PrefabInternal: {fileID: 100100000}
  m_GameObject: {fileID: 1813676546851830}
  m_LocalRotation: {x: 0.000065137545, y: 0.0018657113, z: 0.0100098355, w: 0.9999482}
  m_LocalPosition: {x: -12.826976, y: -1.07398065e-13, z: 5.7822426e-14}
  m_LocalScale: {x: 1, y: 1, z: 1}
  m_Children:
  - {fileID: 4234238066263560}
  m_Father: {fileID: 4768791919801244}
  m_RootOrder: 0
  m_LocalEulerAnglesHint: {x: 0, y: 0, z: 0}
--- !u!4 &4397654071528976
Transform:
  m_ObjectHideFlags: 1
  m_PrefabParentObject: {fileID: 0}
  m_PrefabInternal: {fileID: 100100000}
  m_GameObject: {fileID: 1057402199293746}
  m_LocalRotation: {x: 0, y: -0, z: -0, w: 1}
  m_LocalPosition: {x: 107.653404, y: -1.5555737, z: -2.4886773}
  m_LocalScale: {x: 1, y: 1, z: 1}
  m_Children:
  - {fileID: 4044548327519990}
  m_Father: {fileID: 4164715617300694}
  m_RootOrder: 0
  m_LocalEulerAnglesHint: {x: 0, y: 0, z: 0}
--- !u!4 &4399427495860266
Transform:
  m_ObjectHideFlags: 1
  m_PrefabParentObject: {fileID: 0}
  m_PrefabInternal: {fileID: 100100000}
  m_GameObject: {fileID: 1113258991289802}
  m_LocalRotation: {x: -0.036398992, y: -0.3571812, z: 0.093894936, w: 0.9285906}
  m_LocalPosition: {x: -0.9258487, y: -0.27598011, z: -2.5942352}
  m_LocalScale: {x: 1, y: 1, z: 1}
  m_Children:
  - {fileID: 4559470744891290}
  m_Father: {fileID: 4216278821435476}
  m_RootOrder: 4
  m_LocalEulerAnglesHint: {x: 0, y: 0, z: 0}
--- !u!4 &4428828707767788
Transform:
  m_ObjectHideFlags: 1
  m_PrefabParentObject: {fileID: 0}
  m_PrefabInternal: {fileID: 100100000}
  m_GameObject: {fileID: 1307577270515228}
  m_LocalRotation: {x: 0, y: -0, z: -0, w: 1}
  m_LocalPosition: {x: -0, y: 0, z: 0}
  m_LocalScale: {x: 1, y: 1, z: 1}
  m_Children: []
  m_Father: {fileID: 4658186942091516}
  m_RootOrder: 5
  m_LocalEulerAnglesHint: {x: 0, y: 0, z: 0}
--- !u!4 &4437830951200910
Transform:
  m_ObjectHideFlags: 1
  m_PrefabParentObject: {fileID: 0}
  m_PrefabInternal: {fileID: 100100000}
  m_GameObject: {fileID: 1227123343195892}
  m_LocalRotation: {x: 0.00033102054, y: 0.005210338, z: 0.037755173, w: 0.9992734}
  m_LocalPosition: {x: -12.288235, y: -1.5306116e-14, z: 4.7562035e-15}
  m_LocalScale: {x: 1, y: 1, z: 1}
  m_Children:
  - {fileID: 4997596059639758}
  m_Father: {fileID: 4206801505773192}
  m_RootOrder: 0
  m_LocalEulerAnglesHint: {x: 0, y: 0, z: 0}
--- !u!4 &4439485710176174
Transform:
  m_ObjectHideFlags: 1
  m_PrefabParentObject: {fileID: 0}
  m_PrefabInternal: {fileID: 100100000}
  m_GameObject: {fileID: 1015616803345164}
  m_LocalRotation: {x: 0.019720923, y: 0.16687247, z: -0.08357671, w: 0.982232}
  m_LocalPosition: {x: 15.912165, y: 0.0004912525, z: -0.00016964982}
  m_LocalScale: {x: 1, y: 1, z: 1}
  m_Children:
  - {fileID: 4921558360081606}
  m_Father: {fileID: 4554183780573010}
  m_RootOrder: 0
  m_LocalEulerAnglesHint: {x: 0, y: 0, z: 0}
--- !u!4 &4443302257853320
Transform:
  m_ObjectHideFlags: 1
  m_PrefabParentObject: {fileID: 0}
  m_PrefabInternal: {fileID: 100100000}
  m_GameObject: {fileID: 1068162422912982}
  m_LocalRotation: {x: 0, y: -0, z: -0, w: 1}
  m_LocalPosition: {x: 18.248089, y: -29.014196, z: 3.3647492e-15}
  m_LocalScale: {x: 1, y: 1, z: 1}
  m_Children: []
  m_Father: {fileID: 4948654109895580}
  m_RootOrder: 0
  m_LocalEulerAnglesHint: {x: 0, y: 0, z: 0}
--- !u!4 &4444230951355476
Transform:
  m_ObjectHideFlags: 1
  m_PrefabParentObject: {fileID: 0}
  m_PrefabInternal: {fileID: 100100000}
  m_GameObject: {fileID: 1695885572971508}
  m_LocalRotation: {x: 0.000000018998332, y: -0.7071067, z: 0.000000018998328, w: 0.7071068}
  m_LocalPosition: {x: 49.3908, y: -1.5887291e-13, z: 0.00000048427154}
  m_LocalScale: {x: 1, y: 1, z: 1}
  m_Children: []
  m_Father: {fileID: 4603438990643328}
  m_RootOrder: 0
  m_LocalEulerAnglesHint: {x: 0, y: 0, z: 0}
--- !u!4 &4446453811111262
Transform:
  m_ObjectHideFlags: 1
  m_PrefabParentObject: {fileID: 0}
  m_PrefabInternal: {fileID: 100100000}
  m_GameObject: {fileID: 1019940669276844}
  m_LocalRotation: {x: 0.46654603, y: -0.53135186, z: 0.46654603, w: 0.53135186}
  m_LocalPosition: {x: -37.074444, y: -8.482258e-15, z: 5.9002528e-15}
  m_LocalScale: {x: 1, y: 1, z: 1}
  m_Children: []
  m_Father: {fileID: 4320071022460364}
  m_RootOrder: 0
  m_LocalEulerAnglesHint: {x: 0, y: 0, z: 0}
--- !u!4 &4449401709327374
Transform:
  m_ObjectHideFlags: 1
  m_PrefabParentObject: {fileID: 0}
  m_PrefabInternal: {fileID: 100100000}
  m_GameObject: {fileID: 1784070920803740}
  m_LocalRotation: {x: -5.953755e-17, y: 0.9996272, z: 5.953755e-17, w: -0.02730526}
  m_LocalPosition: {x: 14.324362, y: 1.1368684e-13, z: 0.000030919964}
  m_LocalScale: {x: 1, y: 1, z: 1}
  m_Children: []
  m_Father: {fileID: 4921558360081606}
  m_RootOrder: 0
  m_LocalEulerAnglesHint: {x: 0, y: 0, z: 0}
--- !u!4 &4451728049860140
Transform:
  m_ObjectHideFlags: 1
  m_PrefabParentObject: {fileID: 0}
  m_PrefabInternal: {fileID: 100100000}
  m_GameObject: {fileID: 1392382700388572}
  m_LocalRotation: {x: -0.0049776738, y: -0.06738245, z: 0.07350287, w: 0.9950036}
  m_LocalPosition: {x: 32.327576, y: 2.2737368e-13, z: -0.00016473609}
  m_LocalScale: {x: 1, y: 1, z: 1}
  m_Children:
  - {fileID: 4666861771274582}
  m_Father: {fileID: 4684689049063370}
  m_RootOrder: 0
  m_LocalEulerAnglesHint: {x: 0, y: 0, z: 0}
--- !u!4 &4462304841769514
Transform:
  m_ObjectHideFlags: 1
  m_PrefabParentObject: {fileID: 0}
  m_PrefabInternal: {fileID: 100100000}
  m_GameObject: {fileID: 1268962194249758}
  m_LocalRotation: {x: -0.00028393435, y: -0.005605958, z: -0.050583046, w: 0.99870414}
  m_LocalPosition: {x: 10.946756, y: -0.00004048328, z: 0.0000027702142}
  m_LocalScale: {x: 1, y: 1, z: 1}
  m_Children: []
  m_Father: {fileID: 4793274369765710}
  m_RootOrder: 0
  m_LocalEulerAnglesHint: {x: 0, y: 0, z: 0}
--- !u!4 &4466612959917728
Transform:
  m_ObjectHideFlags: 1
  m_PrefabParentObject: {fileID: 0}
  m_PrefabInternal: {fileID: 100100000}
  m_GameObject: {fileID: 1372745347478394}
  m_LocalRotation: {x: -1.7851918e-16, y: 0.000039880906, z: -0.023064923, w: 0.999734}
  m_LocalPosition: {x: -9.207249, y: -2.2873054e-14, z: -9.107396e-16}
  m_LocalScale: {x: 1, y: 1, z: 1}
  m_Children: []
  m_Father: {fileID: 4139002450064898}
  m_RootOrder: 0
  m_LocalEulerAnglesHint: {x: 0, y: 0, z: 0}
--- !u!4 &4467097848689884
Transform:
  m_ObjectHideFlags: 1
  m_PrefabParentObject: {fileID: 0}
  m_PrefabInternal: {fileID: 100100000}
  m_GameObject: {fileID: 1343319192446394}
  m_LocalRotation: {x: -2.2284868e-16, y: -2.0313686e-17, z: 0.21359986, w: 0.97692126}
  m_LocalPosition: {x: -63.581337, y: -1.6262807e-14, z: 1.093039e-14}
  m_LocalScale: {x: 1, y: 1, z: 1}
  m_Children:
  - {fileID: 4320071022460364}
  m_Father: {fileID: 4744191597556610}
  m_RootOrder: 1
  m_LocalEulerAnglesHint: {x: 0, y: 0, z: 0}
--- !u!4 &4472742092112724
Transform:
  m_ObjectHideFlags: 1
  m_PrefabParentObject: {fileID: 0}
  m_PrefabInternal: {fileID: 100100000}
  m_GameObject: {fileID: 1819575075332506}
  m_LocalRotation: {x: -0.00006292964, y: 0.0029926633, z: 0.00000018832806, w: 0.9999955}
  m_LocalPosition: {x: -7.620836, y: 7.8678844e-14, z: -4.4161456e-15}
  m_LocalScale: {x: 1, y: 1, z: 1}
  m_Children:
  - {fileID: 4752429926170988}
  m_Father: {fileID: 4827613218996096}
  m_RootOrder: 0
  m_LocalEulerAnglesHint: {x: 0, y: 0, z: 0}
--- !u!4 &4473814174520430
Transform:
  m_ObjectHideFlags: 1
  m_PrefabParentObject: {fileID: 0}
  m_PrefabInternal: {fileID: 100100000}
  m_GameObject: {fileID: 1763069593447986}
  m_LocalRotation: {x: -0.03223308, y: -0.041297436, z: -0.65896237, w: 0.75034934}
  m_LocalPosition: {x: -167.3286, y: -3.5509836e-13, z: 0.0000025455647}
  m_LocalScale: {x: 1, y: 1, z: 1}
  m_Children:
  - {fileID: 4054240671490240}
  m_Father: {fileID: 4540811192760282}
  m_RootOrder: 0
  m_LocalEulerAnglesHint: {x: 0, y: 0, z: 0}
--- !u!4 &4484442341569286
Transform:
  m_ObjectHideFlags: 1
  m_PrefabParentObject: {fileID: 0}
  m_PrefabInternal: {fileID: 100100000}
  m_GameObject: {fileID: 1959794610431808}
  m_LocalRotation: {x: 0, y: -0, z: -0, w: 1}
  m_LocalPosition: {x: -0, y: 0, z: 0}
  m_LocalScale: {x: 1, y: 1, z: 1}
  m_Children: []
  m_Father: {fileID: 4658186942091516}
  m_RootOrder: 0
  m_LocalEulerAnglesHint: {x: 0, y: 0, z: 0}
--- !u!4 &4487191060272320
Transform:
  m_ObjectHideFlags: 1
  m_PrefabParentObject: {fileID: 0}
  m_PrefabInternal: {fileID: 100100000}
  m_GameObject: {fileID: 1353861713429628}
  m_LocalRotation: {x: 0.7295371, y: 0.6800924, z: 0.028857924, w: -0.06646169}
  m_LocalPosition: {x: 186.03688, y: 0.00017477755, z: -0.000002037531}
  m_LocalScale: {x: 1, y: 1, z: 1}
  m_Children:
  - {fileID: 4823852679009554}
  m_Father: {fileID: 4639379277889508}
  m_RootOrder: 0
  m_LocalEulerAnglesHint: {x: 0, y: 0, z: 0}
--- !u!4 &4516566539078606
Transform:
  m_ObjectHideFlags: 1
  m_PrefabParentObject: {fileID: 0}
  m_PrefabInternal: {fileID: 100100000}
  m_GameObject: {fileID: 1152262112730116}
  m_LocalRotation: {x: -0, y: -0, z: -0, w: -1}
  m_LocalPosition: {x: 0.022264691, y: -0.01952407, z: 0}
  m_LocalScale: {x: 1.5400306, y: 7.266198, z: 0.7421864}
  m_Children: []
  m_Father: {fileID: 4789811426361042}
  m_RootOrder: 2
  m_LocalEulerAnglesHint: {x: 0, y: 0, z: 0}
--- !u!4 &4540811192760282
Transform:
  m_ObjectHideFlags: 1
  m_PrefabParentObject: {fileID: 0}
  m_PrefabInternal: {fileID: 100100000}
  m_GameObject: {fileID: 1981076150287646}
  m_LocalRotation: {x: 0.7985233, y: 0.6019639, z: 0.000000041508052, w: 0.00000005506169}
  m_LocalPosition: {x: -115.06832, y: -5.0455845e-14, z: -4.6185278e-14}
  m_LocalScale: {x: 1, y: 1, z: 1}
  m_Children:
  - {fileID: 4473814174520430}
  m_Father: {fileID: 4096910041082830}
  m_RootOrder: 0
  m_LocalEulerAnglesHint: {x: 0, y: 0, z: 0}
--- !u!4 &4554183780573010
Transform:
  m_ObjectHideFlags: 1
  m_PrefabParentObject: {fileID: 0}
  m_PrefabInternal: {fileID: 100100000}
  m_GameObject: {fileID: 1769163886097946}
  m_LocalRotation: {x: -0.036398992, y: -0.3571812, z: 0.093894936, w: 0.9285906}
  m_LocalPosition: {x: 0.9253605, y: 0.27581647, z: 2.5942805}
  m_LocalScale: {x: 1, y: 1, z: 1}
  m_Children:
  - {fileID: 4439485710176174}
  m_Father: {fileID: 4188344264901780}
  m_RootOrder: 4
  m_LocalEulerAnglesHint: {x: 0, y: 0, z: 0}
--- !u!4 &4559470744891290
Transform:
  m_ObjectHideFlags: 1
  m_PrefabParentObject: {fileID: 0}
  m_PrefabInternal: {fileID: 100100000}
  m_GameObject: {fileID: 1151839119911768}
  m_LocalRotation: {x: 0.019720923, y: 0.16687247, z: -0.08357671, w: 0.982232}
  m_LocalPosition: {x: -15.911869, y: -2.0800533e-13, z: 2.7347624e-14}
  m_LocalScale: {x: 1, y: 1, z: 1}
  m_Children:
  - {fileID: 4825479850144944}
  m_Father: {fileID: 4399427495860266}
  m_RootOrder: 0
  m_LocalEulerAnglesHint: {x: 0, y: 0, z: 0}
--- !u!4 &4582722824745430
Transform:
  m_ObjectHideFlags: 1
  m_PrefabParentObject: {fileID: 0}
  m_PrefabInternal: {fileID: 100100000}
  m_GameObject: {fileID: 1865641282130552}
  m_LocalRotation: {x: -0.00051798765, y: -0.039846137, z: 0.013653459, w: 0.9991124}
  m_LocalPosition: {x: 2.1884174, y: -0.0021767775, z: 1.2318298}
  m_LocalScale: {x: 1, y: 1, z: 1}
  m_Children:
  - {fileID: 4334099154474228}
  m_Father: {fileID: 4188344264901780}
  m_RootOrder: 0
  m_LocalEulerAnglesHint: {x: 0, y: 0, z: 0}
--- !u!4 &4598671343571690
Transform:
  m_ObjectHideFlags: 1
  m_PrefabParentObject: {fileID: 0}
  m_PrefabInternal: {fileID: 100100000}
  m_GameObject: {fileID: 1526869179271914}
  m_LocalRotation: {x: 0, y: -0, z: -0, w: 1}
  m_LocalPosition: {x: -0, y: 0, z: 0}
  m_LocalScale: {x: 1, y: 1, z: 1}
  m_Children: []
  m_Father: {fileID: 4658186942091516}
  m_RootOrder: 1
  m_LocalEulerAnglesHint: {x: 0, y: 0, z: 0}
--- !u!4 &4603438990643328
Transform:
  m_ObjectHideFlags: 1
  m_PrefabParentObject: {fileID: 0}
  m_PrefabInternal: {fileID: 100100000}
  m_GameObject: {fileID: 1281654673859888}
  m_LocalRotation: {x: 0.0000000097067545, y: 0.00000009012613, z: -0.65895474, w: 0.7521826}
  m_LocalPosition: {x: 167.32903, y: 0.000049381277, z: 7.47491e-12}
  m_LocalScale: {x: 1, y: 1, z: 1}
  m_Children:
  - {fileID: 4444230951355476}
  m_Father: {fileID: 4823852679009554}
  m_RootOrder: 0
  m_LocalEulerAnglesHint: {x: 0, y: 0, z: 0}
--- !u!4 &4639379277889508
Transform:
  m_ObjectHideFlags: 1
  m_PrefabParentObject: {fileID: 0}
  m_PrefabInternal: {fileID: 100100000}
  m_GameObject: {fileID: 1734966131831456}
  m_LocalRotation: {x: -0.046361953, y: 0.000058358404, z: -0.30496672, w: 0.95123386}
  m_LocalPosition: {x: 1.5110698, y: -17.872858, z: 33.6093}
  m_LocalScale: {x: 1, y: 1, z: 1}
  m_Children:
  - {fileID: 4487191060272320}
  m_Father: {fileID: 4227256111935466}
  m_RootOrder: 2
  m_LocalEulerAnglesHint: {x: 0, y: 0, z: 0}
--- !u!4 &4649818938306436
Transform:
  m_ObjectHideFlags: 1
  m_PrefabParentObject: {fileID: 0}
  m_PrefabInternal: {fileID: 100100000}
  m_GameObject: {fileID: 1647453629674820}
  m_LocalRotation: {x: 0.5808252, y: -0.5602328, z: -0.3936775, w: -0.44022653}
  m_LocalPosition: {x: -36.137985, y: -22.260143, z: 8.85731}
  m_LocalScale: {x: 1, y: 1, z: 1}
  m_Children:
  - {fileID: 4343948721304336}
  m_Father: {fileID: 4744191597556610}
  m_RootOrder: 2
  m_LocalEulerAnglesHint: {x: 0, y: 0, z: 0}
--- !u!4 &4658186942091516
Transform:
  m_ObjectHideFlags: 1
  m_PrefabParentObject: {fileID: 0}
  m_PrefabInternal: {fileID: 100100000}
  m_GameObject: {fileID: 1516482840071392}
  m_LocalRotation: {x: 0, y: -0, z: -0, w: 1}
  m_LocalPosition: {x: -0, y: 0, z: 0}
  m_LocalScale: {x: 0.05745571, y: 0.05745571, z: 0.05745571}
  m_Children:
  - {fileID: 4484442341569286}
  - {fileID: 4598671343571690}
  - {fileID: 4827370745880652}
  - {fileID: 4095574199504486}
  - {fileID: 4858673073618006}
  - {fileID: 4428828707767788}
  m_Father: {fileID: 4060208135996608}
  m_RootOrder: 0
  m_LocalEulerAnglesHint: {x: 0, y: 0, z: 0}
--- !u!4 &4666861771274582
Transform:
  m_ObjectHideFlags: 1
  m_PrefabParentObject: {fileID: 0}
  m_PrefabInternal: {fileID: 100100000}
  m_GameObject: {fileID: 1953860742371732}
  m_LocalRotation: {x: -0.0008632215, y: -0.011685374, z: -0.07366616, w: 0.99721414}
  m_LocalPosition: {x: 10.247575, y: 0.00020262062, z: 0.00009402845}
  m_LocalScale: {x: 1, y: 1, z: 1}
  m_Children:
  - {fileID: 4199910930065224}
  m_Father: {fileID: 4451728049860140}
  m_RootOrder: 0
  m_LocalEulerAnglesHint: {x: 0, y: 0, z: 0}
--- !u!4 &4684689049063370
Transform:
  m_ObjectHideFlags: 1
  m_PrefabParentObject: {fileID: 0}
  m_PrefabInternal: {fileID: 100100000}
  m_GameObject: {fileID: 1575019532303696}
  m_LocalRotation: {x: 0.00014285438, y: 0.17406619, z: -0.00044351743, w: 0.9847339}
  m_LocalPosition: {x: 0.46661508, y: 0.0002897388, z: -5.67595}
  m_LocalScale: {x: 1, y: 1, z: 1}
  m_Children:
  - {fileID: 4451728049860140}
  m_Father: {fileID: 4188344264901780}
  m_RootOrder: 2
  m_LocalEulerAnglesHint: {x: 0, y: 0, z: 0}
--- !u!4 &4724501588361814
Transform:
  m_ObjectHideFlags: 1
  m_PrefabParentObject: {fileID: 0}
  m_PrefabInternal: {fileID: 100100000}
  m_GameObject: {fileID: 1724194571464388}
  m_LocalRotation: {x: 0.000075231066, y: 0.025518307, z: -0.00045984273, w: 0.99967426}
  m_LocalPosition: {x: 3.4513817, y: -0.0030404376, z: -1.1498505}
  m_LocalScale: {x: 1, y: 1, z: 1}
  m_Children:
  - {fileID: 4123924247252658}
  m_Father: {fileID: 4188344264901780}
  m_RootOrder: 1
  m_LocalEulerAnglesHint: {x: 0, y: 0, z: 0}
--- !u!4 &4744191597556610
Transform:
  m_ObjectHideFlags: 1
  m_PrefabParentObject: {fileID: 0}
  m_PrefabInternal: {fileID: 100100000}
  m_GameObject: {fileID: 1540322076113792}
  m_LocalRotation: {x: 0.9788517, y: -0.20457135, z: -2.6735076e-16, w: 6.681332e-18}
  m_LocalPosition: {x: -36.0636, y: 2.842171e-14, z: -5.8050827e-15}
  m_LocalScale: {x: 1, y: 1, z: 1}
  m_Children:
  - {fileID: 4957306736453594}
  - {fileID: 4467097848689884}
  - {fileID: 4649818938306436}
  m_Father: {fileID: 4057950308854310}
  m_RootOrder: 0
  m_LocalEulerAnglesHint: {x: 0, y: 0, z: 0}
--- !u!4 &4752429926170988
Transform:
  m_ObjectHideFlags: 1
  m_PrefabParentObject: {fileID: 0}
  m_PrefabInternal: {fileID: 100100000}
  m_GameObject: {fileID: 1784569436495724}
  m_LocalRotation: {x: 0.0000032876414, y: 0.99863446, z: 0.00006284399, w: 0.0522429}
  m_LocalPosition: {x: -8.844433, y: -1.1369666e-13, z: 7.816883e-14}
  m_LocalScale: {x: 1, y: 1, z: 1}
  m_Children: []
  m_Father: {fileID: 4472742092112724}
  m_RootOrder: 0
  m_LocalEulerAnglesHint: {x: 0, y: 0, z: 0}
--- !u!4 &4757022657424852
Transform:
  m_ObjectHideFlags: 1
  m_PrefabParentObject: {fileID: 0}
  m_PrefabInternal: {fileID: 100100000}
  m_GameObject: {fileID: 1290643235432858}
  m_LocalRotation: {x: -0.0011987502, y: -0.040923756, z: -0.0072555365, w: 0.9991352}
  m_LocalPosition: {x: -24.847624, y: 0.35862428, z: -2.0394883}
  m_LocalScale: {x: 1, y: 1, z: 1}
  m_Children:
  - {fileID: 4216278821435476}
  m_Father: {fileID: 4139044692192432}
  m_RootOrder: 0
  m_LocalEulerAnglesHint: {x: 0, y: 0, z: 0}
--- !u!4 &4761187178027822
Transform:
  m_ObjectHideFlags: 1
  m_PrefabParentObject: {fileID: 0}
  m_PrefabInternal: {fileID: 100100000}
  m_GameObject: {fileID: 1668515349012766}
  m_LocalRotation: {x: 0.000075231066, y: 0.025518307, z: -0.00045984273, w: 0.99967426}
  m_LocalPosition: {x: -3.4521594, y: 0.0030411466, z: 1.1499221}
  m_LocalScale: {x: 1, y: 1, z: 1}
  m_Children:
  - {fileID: 4206801505773192}
  m_Father: {fileID: 4216278821435476}
  m_RootOrder: 1
  m_LocalEulerAnglesHint: {x: 0, y: 0, z: 0}
--- !u!4 &4768791919801244
Transform:
  m_ObjectHideFlags: 1
  m_PrefabParentObject: {fileID: 0}
  m_PrefabInternal: {fileID: 100100000}
  m_GameObject: {fileID: 1980000883788692}
  m_LocalRotation: {x: 0.00040806286, y: 0.015352521, z: -0.0016842884, w: 0.9998807}
  m_LocalPosition: {x: -32.266804, y: -2.0362584e-13, z: 1.5202707e-14}
  m_LocalScale: {x: 1, y: 1, z: 1}
  m_Children:
  - {fileID: 4397184031235896}
  m_Father: {fileID: 4016660575632146}
  m_RootOrder: 0
  m_LocalEulerAnglesHint: {x: 0, y: 0, z: 0}
--- !u!4 &4789811426361042
Transform:
  m_ObjectHideFlags: 1
  m_PrefabParentObject: {fileID: 0}
  m_PrefabInternal: {fileID: 100100000}
  m_GameObject: {fileID: 1098880594617124}
  m_LocalRotation: {x: 0, y: 1, z: 0, w: 0}
  m_LocalPosition: {x: 0.02999878, y: -4.701132, z: 0}
  m_LocalScale: {x: 1.3473701, y: 1.3473704, z: 1.3473704}
  m_Children:
  - {fileID: 4060208135996608}
  - {fileID: 4217388067314886}
  - {fileID: 4516566539078606}
  m_Father: {fileID: 4102283935583514}
  m_RootOrder: 0
  m_LocalEulerAnglesHint: {x: 0, y: 180, z: 0}
--- !u!4 &4793274369765710
Transform:
  m_ObjectHideFlags: 1
  m_PrefabParentObject: {fileID: 0}
  m_PrefabInternal: {fileID: 100100000}
  m_GameObject: {fileID: 1667889370433528}
  m_LocalRotation: {x: 0.00033102054, y: 0.005210338, z: 0.037755173, w: 0.9992734}
  m_LocalPosition: {x: 12.287866, y: 0.00046324133, z: 0.000016095863}
  m_LocalScale: {x: 1, y: 1, z: 1}
  m_Children:
  - {fileID: 4462304841769514}
  m_Father: {fileID: 4123924247252658}
  m_RootOrder: 0
  m_LocalEulerAnglesHint: {x: 0, y: 0, z: 0}
--- !u!4 &4800418508512966
Transform:
  m_ObjectHideFlags: 1
  m_PrefabParentObject: {fileID: 0}
  m_PrefabInternal: {fileID: 100100000}
  m_GameObject: {fileID: 1951974711547992}
  m_LocalRotation: {x: -0.0044816067, y: 0.005840937, z: 0.9526656, w: 0.30393103}
  m_LocalPosition: {x: 1.5113463, y: -17.87294, z: -33.609303}
  m_LocalScale: {x: 1, y: 1, z: 1}
  m_Children:
  - {fileID: 4096910041082830}
  m_Father: {fileID: 4227256111935466}
  m_RootOrder: 1
  m_LocalEulerAnglesHint: {x: 0, y: 0, z: 0}
--- !u!4 &4823852679009554
Transform:
  m_ObjectHideFlags: 1
  m_PrefabParentObject: {fileID: 0}
  m_PrefabInternal: {fileID: 100100000}
  m_GameObject: {fileID: 1550004579785172}
  m_LocalRotation: {x: 0.7985233, y: 0.6019639, z: 0.000000042072845, w: 0.000000055810904}
  m_LocalPosition: {x: 115.06808, y: -0.0007570494, z: 7.81597e-14}
  m_LocalScale: {x: 1, y: 1, z: 1}
  m_Children:
  - {fileID: 4603438990643328}
  m_Father: {fileID: 4487191060272320}
  m_RootOrder: 0
  m_LocalEulerAnglesHint: {x: 0, y: 0, z: 0}
--- !u!4 &4825479850144944
Transform:
  m_ObjectHideFlags: 1
  m_PrefabParentObject: {fileID: 0}
  m_PrefabInternal: {fileID: 100100000}
  m_GameObject: {fileID: 1801914562682734}
  m_LocalRotation: {x: 0.0035323314, y: 0.21569632, z: -0.01598867, w: 0.97632325}
  m_LocalPosition: {x: -15.319659, y: -2.0420135e-14, z: 4.4883e-14}
  m_LocalScale: {x: 1, y: 1, z: 1}
  m_Children: []
  m_Father: {fileID: 4559470744891290}
  m_RootOrder: 0
  m_LocalEulerAnglesHint: {x: 0, y: 0, z: 0}
--- !u!4 &4827370745880652
Transform:
  m_ObjectHideFlags: 1
  m_PrefabParentObject: {fileID: 0}
  m_PrefabInternal: {fileID: 100100000}
  m_GameObject: {fileID: 1254793328923630}
  m_LocalRotation: {x: 0, y: -0, z: -0, w: 1}
  m_LocalPosition: {x: -0, y: -8.6, z: 0}
  m_LocalScale: {x: 1, y: 1, z: 1}
  m_Children: []
  m_Father: {fileID: 4658186942091516}
  m_RootOrder: 2
  m_LocalEulerAnglesHint: {x: 0, y: 0, z: 0}
--- !u!4 &4827613218996096
Transform:
  m_ObjectHideFlags: 1
  m_PrefabParentObject: {fileID: 0}
  m_PrefabInternal: {fileID: 100100000}
  m_GameObject: {fileID: 1085696589227934}
  m_LocalRotation: {x: -0.0008632215, y: -0.011685374, z: -0.07366616, w: 0.99721414}
  m_LocalPosition: {x: -10.246891, y: 4.876287e-14, z: 1.2513967e-14}
  m_LocalScale: {x: 1, y: 1, z: 1}
  m_Children:
  - {fileID: 4472742092112724}
  m_Father: {fileID: 4185363958858684}
  m_RootOrder: 0
  m_LocalEulerAnglesHint: {x: 0, y: 0, z: 0}
--- !u!4 &4858673073618006
Transform:
  m_ObjectHideFlags: 1
  m_PrefabParentObject: {fileID: 0}
  m_PrefabInternal: {fileID: 100100000}
  m_GameObject: {fileID: 1702018044439186}
  m_LocalRotation: {x: 0, y: -0, z: -0, w: 1}
  m_LocalPosition: {x: -0, y: 0, z: 0}
  m_LocalScale: {x: 1, y: 1, z: 1}
  m_Children: []
  m_Father: {fileID: 4658186942091516}
  m_RootOrder: 4
  m_LocalEulerAnglesHint: {x: 0, y: 0, z: 0}
--- !u!4 &4861008986701542
Transform:
  m_ObjectHideFlags: 1
  m_PrefabParentObject: {fileID: 0}
  m_PrefabInternal: {fileID: 100100000}
  m_GameObject: {fileID: 1829189365750420}
  m_LocalRotation: {x: -0.0024379308, y: -0.037538044, z: 0.064763196, w: 0.9971914}
  m_LocalPosition: {x: 31.411283, y: 1.1368684e-13, z: 0.000036439516}
  m_LocalScale: {x: 1, y: 1, z: 1}
  m_Children:
  - {fileID: 4180542615595330}
  m_Father: {fileID: 4052628008028040}
  m_RootOrder: 0
  m_LocalEulerAnglesHint: {x: 0, y: 0, z: 0}
--- !u!4 &4921558360081606
Transform:
  m_ObjectHideFlags: 1
  m_PrefabParentObject: {fileID: 0}
  m_PrefabInternal: {fileID: 100100000}
  m_GameObject: {fileID: 1498585346198450}
  m_LocalRotation: {x: 0.0035323314, y: 0.21569632, z: -0.01598867, w: 0.97632325}
  m_LocalPosition: {x: 15.319229, y: 0.00038680187, z: 0.00021209632}
  m_LocalScale: {x: 1, y: 1, z: 1}
  m_Children:
  - {fileID: 4449401709327374}
  m_Father: {fileID: 4439485710176174}
  m_RootOrder: 0
  m_LocalEulerAnglesHint: {x: 0, y: 0, z: 0}
--- !u!4 &4948654109895580
Transform:
  m_ObjectHideFlags: 1
  m_PrefabParentObject: {fileID: 0}
  m_PrefabInternal: {fileID: 100100000}
  m_GameObject: {fileID: 1811361006119640}
  m_LocalRotation: {x: 5.5084386e-17, y: 5.593466e-17, z: 0.0076586106, w: 0.9999707}
  m_LocalPosition: {x: -0, y: 0, z: -2.3554004e-15}
  m_LocalScale: {x: 1, y: 1, z: 1}
  m_Children:
  - {fileID: 4443302257853320}
  m_Father: {fileID: 4227256111935466}
  m_RootOrder: 0
  m_LocalEulerAnglesHint: {x: 0, y: 0, z: 0}
--- !u!4 &4957306736453594
Transform:
  m_ObjectHideFlags: 1
  m_PrefabParentObject: {fileID: 0}
  m_PrefabInternal: {fileID: 100100000}
  m_GameObject: {fileID: 1221160626842330}
  m_LocalRotation: {x: 0.5602328, y: 0.5808252, z: -0.44022653, w: 0.3936775}
  m_LocalPosition: {x: -36.13829, y: -22.260132, z: -8.85731}
  m_LocalScale: {x: 1, y: 1, z: 1}
  m_Children:
  - {fileID: 4164715617300694}
  m_Father: {fileID: 4744191597556610}
  m_RootOrder: 0
  m_LocalEulerAnglesHint: {x: 0, y: 0, z: 0}
--- !u!4 &4974941550062434
Transform:
  m_ObjectHideFlags: 1
  m_PrefabParentObject: {fileID: 0}
  m_PrefabInternal: {fileID: 100100000}
  m_GameObject: {fileID: 1332434965579776}
  m_LocalRotation: {x: 1.7649497e-16, y: -1.6080128e-16, z: -0.11837605, w: 0.99296886}
  m_LocalPosition: {x: -34.463894, y: -1.0991208e-14, z: -2.0268613e-15}
  m_LocalScale: {x: 1, y: 1, z: 1}
  m_Children:
  - {fileID: 4076855839466372}
  m_Father: {fileID: 4227256111935466}
  m_RootOrder: 3
  m_LocalEulerAnglesHint: {x: 0, y: 0, z: 0}
--- !u!4 &4987509020141392
Transform:
  m_ObjectHideFlags: 1
  m_PrefabParentObject: {fileID: 0}
  m_PrefabInternal: {fileID: 100100000}
  m_GameObject: {fileID: 1813075446378870}
  m_LocalRotation: {x: -0, y: -0, z: -0, w: -1}
  m_LocalPosition: {x: -13.794022, y: -4.701132, z: 0}
  m_LocalScale: {x: 1.3473701, y: 1.3473704, z: 1.3473704}
  m_Children: []
  m_Father: {fileID: 4102283935583514}
  m_RootOrder: 1
  m_LocalEulerAnglesHint: {x: 0, y: 0, z: 0}
--- !u!4 &4997596059639758
Transform:
  m_ObjectHideFlags: 1
  m_PrefabParentObject: {fileID: 0}
  m_PrefabInternal: {fileID: 100100000}
  m_GameObject: {fileID: 1271447772915600}
  m_LocalRotation: {x: -0.00028393435, y: -0.005605958, z: -0.050583046, w: 0.99870414}
  m_LocalPosition: {x: -10.946799, y: -1.5797984e-13, z: -1.4549903e-15}
  m_LocalScale: {x: 1, y: 1, z: 1}
  m_Children: []
  m_Father: {fileID: 4437830951200910}
  m_RootOrder: 0
  m_LocalEulerAnglesHint: {x: 0, y: 0, z: 0}
--- !u!50 &50955923405424880
Rigidbody2D:
  serializedVersion: 4
  m_ObjectHideFlags: 1
  m_PrefabParentObject: {fileID: 0}
  m_PrefabInternal: {fileID: 100100000}
  m_GameObject: {fileID: 1098880594617124}
  m_BodyType: 0
  m_Simulated: 1
  m_UseFullKinematicContacts: 0
  m_UseAutoMass: 0
  m_Mass: 1
  m_LinearDrag: 0
  m_AngularDrag: 0.05
  m_GravityScale: 2.5
  m_Material: {fileID: 0}
  m_Interpolate: 0
  m_SleepingMode: 1
  m_CollisionDetection: 0
  m_Constraints: 4
--- !u!61 &61266369524799958
BoxCollider2D:
  m_ObjectHideFlags: 1
  m_PrefabParentObject: {fileID: 0}
  m_PrefabInternal: {fileID: 100100000}
  m_GameObject: {fileID: 1098880594617124}
  m_Enabled: 1
  m_Density: 1
  m_Material: {fileID: 0}
  m_IsTrigger: 0
  m_UsedByEffector: 0
  m_UsedByComposite: 0
  m_Offset: {x: 0.0093593, y: 5.851389}
  m_SpriteTilingProperty:
    border: {x: 0, y: 0, z: 0, w: 0}
    pivot: {x: 0, y: 0}
    oldSize: {x: 0, y: 0}
    newSize: {x: 0, y: 0}
    adaptiveTilingThreshold: 0
    drawMode: 0
    adaptiveTiling: 0
  m_AutoTiling: 0
  serializedVersion: 2
  m_Size: {x: 2.2190228, y: 2.4253826}
  m_EdgeRadius: 0
--- !u!61 &61503744823965788
BoxCollider2D:
  m_ObjectHideFlags: 1
  m_PrefabParentObject: {fileID: 0}
  m_PrefabInternal: {fileID: 100100000}
  m_GameObject: {fileID: 1098880594617124}
  m_Enabled: 1
  m_Density: 1
  m_Material: {fileID: 0}
  m_IsTrigger: 0
  m_UsedByEffector: 0
  m_UsedByComposite: 0
  m_Offset: {x: -0.028140187, y: 2.4402592}
  m_SpriteTilingProperty:
    border: {x: 0, y: 0, z: 0, w: 0}
    pivot: {x: 0, y: 0}
    oldSize: {x: 0, y: 0}
    newSize: {x: 0, y: 0}
    adaptiveTilingThreshold: 0
    drawMode: 0
    adaptiveTiling: 0
  m_AutoTiling: 0
  serializedVersion: 2
  m_Size: {x: 1.9189649, y: 4.971543}
  m_EdgeRadius: 0
--- !u!82 &82035322173045668
AudioSource:
  m_ObjectHideFlags: 1
  m_PrefabParentObject: {fileID: 0}
  m_PrefabInternal: {fileID: 100100000}
  m_GameObject: {fileID: 1098880594617124}
  m_Enabled: 1
  serializedVersion: 4
  OutputAudioMixerGroup: {fileID: 0}
  m_audioClip: {fileID: 0}
  m_PlayOnAwake: 1
  m_Volume: 1
  m_Pitch: 1
  Loop: 0
  Mute: 0
  Spatialize: 0
  SpatializePostEffects: 0
  Priority: 128
  DopplerLevel: 1
  MinDistance: 1
  MaxDistance: 25
  Pan2D: 0
  rolloffMode: 1
  BypassEffects: 0
  BypassListenerEffects: 0
  BypassReverbZones: 0
  rolloffCustomCurve:
    serializedVersion: 2
    m_Curve:
    - serializedVersion: 2
      time: 0
      value: 1
      inSlope: 0
      outSlope: 0
      tangentMode: 0
    - serializedVersion: 2
      time: 1
      value: 0
      inSlope: 0
      outSlope: 0
      tangentMode: 0
    m_PreInfinity: 2
    m_PostInfinity: 2
    m_RotationOrder: 4
  panLevelCustomCurve:
    serializedVersion: 2
    m_Curve:
    - serializedVersion: 2
      time: 0
      value: 1
      inSlope: 0
      outSlope: 0
      tangentMode: 0
    m_PreInfinity: 2
    m_PostInfinity: 2
    m_RotationOrder: 0
  spreadCustomCurve:
    serializedVersion: 2
    m_Curve:
    - serializedVersion: 2
      time: 0
      value: 0
      inSlope: 0
      outSlope: 0
      tangentMode: 0
    m_PreInfinity: 2
    m_PostInfinity: 2
    m_RotationOrder: 0
  reverbZoneMixCustomCurve:
    serializedVersion: 2
    m_Curve:
    - serializedVersion: 2
      time: 0
      value: 1
      inSlope: 0
      outSlope: 0
      tangentMode: 0
    m_PreInfinity: 2
    m_PostInfinity: 2
    m_RotationOrder: 0
--- !u!82 &82380563317564282
AudioSource:
  m_ObjectHideFlags: 1
  m_PrefabParentObject: {fileID: 0}
  m_PrefabInternal: {fileID: 100100000}
  m_GameObject: {fileID: 1098880594617124}
  m_Enabled: 1
  serializedVersion: 4
  OutputAudioMixerGroup: {fileID: 0}
  m_audioClip: {fileID: 0}
  m_PlayOnAwake: 1
  m_Volume: 1
  m_Pitch: 1
  Loop: 0
  Mute: 0
  Spatialize: 0
  SpatializePostEffects: 0
  Priority: 128
  DopplerLevel: 1
  MinDistance: 1
  MaxDistance: 25
  Pan2D: 0
  rolloffMode: 1
  BypassEffects: 0
  BypassListenerEffects: 0
  BypassReverbZones: 0
  rolloffCustomCurve:
    serializedVersion: 2
    m_Curve:
    - serializedVersion: 2
      time: 0
      value: 1
      inSlope: 0
      outSlope: 0
      tangentMode: 0
    - serializedVersion: 2
      time: 1
      value: 0
      inSlope: 0
      outSlope: 0
      tangentMode: 0
    m_PreInfinity: 2
    m_PostInfinity: 2
    m_RotationOrder: 4
  panLevelCustomCurve:
    serializedVersion: 2
    m_Curve:
    - serializedVersion: 2
      time: 0
      value: 1
      inSlope: 0
      outSlope: 0
      tangentMode: 0
    m_PreInfinity: 2
    m_PostInfinity: 2
    m_RotationOrder: 0
  spreadCustomCurve:
    serializedVersion: 2
    m_Curve:
    - serializedVersion: 2
      time: 0
      value: 0
      inSlope: 0
      outSlope: 0
      tangentMode: 0
    m_PreInfinity: 2
    m_PostInfinity: 2
    m_RotationOrder: 0
  reverbZoneMixCustomCurve:
    serializedVersion: 2
    m_Curve:
    - serializedVersion: 2
      time: 0
      value: 1
      inSlope: 0
      outSlope: 0
      tangentMode: 0
    m_PreInfinity: 2
    m_PostInfinity: 2
    m_RotationOrder: 0
--- !u!82 &82682275124518158
AudioSource:
  m_ObjectHideFlags: 1
  m_PrefabParentObject: {fileID: 0}
  m_PrefabInternal: {fileID: 100100000}
  m_GameObject: {fileID: 1098880594617124}
  m_Enabled: 1
  serializedVersion: 4
  OutputAudioMixerGroup: {fileID: 0}
  m_audioClip: {fileID: 0}
  m_PlayOnAwake: 1
  m_Volume: 1
  m_Pitch: 1
  Loop: 0
  Mute: 0
  Spatialize: 0
  SpatializePostEffects: 0
  Priority: 128
  DopplerLevel: 1
  MinDistance: 1
  MaxDistance: 25
  Pan2D: 0
  rolloffMode: 1
  BypassEffects: 0
  BypassListenerEffects: 0
  BypassReverbZones: 0
  rolloffCustomCurve:
    serializedVersion: 2
    m_Curve:
    - serializedVersion: 2
      time: 0
      value: 1
      inSlope: 0
      outSlope: 0
      tangentMode: 0
    - serializedVersion: 2
      time: 1
      value: 0
      inSlope: 0
      outSlope: 0
      tangentMode: 0
    m_PreInfinity: 2
    m_PostInfinity: 2
    m_RotationOrder: 4
  panLevelCustomCurve:
    serializedVersion: 2
    m_Curve:
    - serializedVersion: 2
      time: 0
      value: 1
      inSlope: 0
      outSlope: 0
      tangentMode: 0
    m_PreInfinity: 2
    m_PostInfinity: 2
    m_RotationOrder: 0
  spreadCustomCurve:
    serializedVersion: 2
    m_Curve:
    - serializedVersion: 2
      time: 0
      value: 0
      inSlope: 0
      outSlope: 0
      tangentMode: 0
    m_PreInfinity: 2
    m_PostInfinity: 2
    m_RotationOrder: 0
  reverbZoneMixCustomCurve:
    serializedVersion: 2
    m_Curve:
    - serializedVersion: 2
      time: 0
      value: 1
      inSlope: 0
      outSlope: 0
      tangentMode: 0
    m_PreInfinity: 2
    m_PostInfinity: 2
    m_RotationOrder: 0
--- !u!95 &95028026161928898
Animator:
  serializedVersion: 3
  m_ObjectHideFlags: 1
  m_PrefabParentObject: {fileID: 0}
  m_PrefabInternal: {fileID: 100100000}
  m_GameObject: {fileID: 1824649773984502}
  m_Enabled: 1
  m_Avatar: {fileID: 9000000, guid: aee2ab7d6c70a684ca97be07d6d4d1c3, type: 3}
  m_Controller: {fileID: 9100000, guid: 317de78694c55964580c71ffd9c5b776, type: 2}
  m_CullingMode: 1
  m_UpdateMode: 0
  m_ApplyRootMotion: 0
  m_LinearVelocityBlending: 0
  m_WarningMessage: 
  m_HasTransformHierarchy: 1
  m_AllowConstantClipSamplingOptimization: 1
--- !u!114 &114554645109497574
MonoBehaviour:
  m_ObjectHideFlags: 1
  m_PrefabParentObject: {fileID: 0}
  m_PrefabInternal: {fileID: 100100000}
  m_GameObject: {fileID: 1098880594617124}
  m_Enabled: 1
  m_EditorHideFlags: 0
  m_Script: {fileID: 11500000, guid: f1d30f682fcaccc499fce1c8a271488a, type: 3}
  m_Name: 
  m_EditorClassIdentifier: 
  animatorState: {fileID: 95028026161928898}
  eyes: {fileID: 4217388067314886}
  currentStatus: 0
  mindControlled: 0
  facingLeft: 1
  collisionBox: {fileID: 61503744823965788}
  groundCheck: {fileID: 4516566539078606}
  rotation: {fileID: 114808146735303670}
  groundLayerMask:
    serializedVersion: 2
    m_Bits: 0
  a_Attack: {fileID: 8300000, guid: 63635eebde4938d4a8adec612a31addc, type: 3}
  a_Walk: {fileID: 8300000, guid: 2565eb79bded01e42b3fbb9c569f49c0, type: 3}
  a_Jump: {fileID: 0}
  a_Land: {fileID: 0}
  a_Idle1: {fileID: 8300000, guid: 7d2fa05ee79ad1543b568a19c1126ec1, type: 3}
  a_Idle2: {fileID: 8300000, guid: 44c323e454a30464894c44d0a806a760, type: 3}
  a_Death: {fileID: 8300000, guid: fb305966b422e0f45987acab3983a4c5, type: 3}
  attackSource: {fileID: 82682275124518158}
  moveSource: {fileID: 82035322173045668}
  walkSource: {fileID: 82380563317564282}
  zurntaurTransform: {fileID: 4060208135996608}
--- !u!114 &114808146735303670
MonoBehaviour:
  m_ObjectHideFlags: 1
  m_PrefabParentObject: {fileID: 0}
  m_PrefabInternal: {fileID: 100100000}
  m_GameObject: {fileID: 1824649773984502}
  m_Enabled: 1
  m_EditorHideFlags: 0
  m_Script: {fileID: 11500000, guid: 6369bb07d0052994594a41bcbe742db2, type: 3}
  m_Name: 
  m_EditorClassIdentifier: 
--- !u!137 &137029262685924682
SkinnedMeshRenderer:
  m_ObjectHideFlags: 1
  m_PrefabParentObject: {fileID: 0}
  m_PrefabInternal: {fileID: 100100000}
  m_GameObject: {fileID: 1307577270515228}
  m_Enabled: 1
  m_CastShadows: 1
  m_ReceiveShadows: 1
  m_MotionVectors: 1
  m_LightProbeUsage: 1
  m_ReflectionProbeUsage: 1
  m_Materials:
  - {fileID: 2100000, guid: 4b81ef8d0fd36864cb3ae823d0a5d16d, type: 2}
  m_StaticBatchInfo:
    firstSubMesh: 0
    subMeshCount: 0
  m_StaticBatchRoot: {fileID: 0}
  m_ProbeAnchor: {fileID: 0}
  m_LightProbeVolumeOverride: {fileID: 0}
  m_ScaleInLightmap: 1
  m_PreserveUVs: 0
  m_IgnoreNormalsForChartDetection: 0
  m_ImportantGI: 0
  m_SelectedEditorRenderState: 3
  m_MinimumChartSize: 4
  m_AutoUVMaxDistance: 0.5
  m_AutoUVMaxAngle: 89
  m_LightmapParameters: {fileID: 0}
  m_SortingLayerID: 0
  m_SortingLayer: 0
  m_SortingOrder: 0
  serializedVersion: 2
  m_Quality: 0
  m_UpdateWhenOffscreen: 0
  m_SkinnedMotionVectors: 1
  m_Mesh: {fileID: 4300004, guid: aee2ab7d6c70a684ca97be07d6d4d1c3, type: 3}
  m_Bones:
  - {fileID: 4227256111935466}
  m_BlendShapeWeights: []
  m_RootBone: {fileID: 4227256111935466}
  m_AABB:
    m_Center: {x: -31.910881, y: -19.714909, z: 0}
    m_Extent: {x: 37.18566, y: 57.131275, z: 56.769028}
  m_DirtyAABB: 0
--- !u!137 &137247750081319520
SkinnedMeshRenderer:
  m_ObjectHideFlags: 1
  m_PrefabParentObject: {fileID: 0}
  m_PrefabInternal: {fileID: 100100000}
  m_GameObject: {fileID: 1526869179271914}
  m_Enabled: 1
  m_CastShadows: 1
  m_ReceiveShadows: 1
  m_MotionVectors: 1
  m_LightProbeUsage: 1
  m_ReflectionProbeUsage: 1
  m_Materials:
  - {fileID: 2100000, guid: d80e48d926a6e6c4c97e0b56295ab19f, type: 2}
  m_StaticBatchInfo:
    firstSubMesh: 0
    subMeshCount: 0
  m_StaticBatchRoot: {fileID: 0}
  m_ProbeAnchor: {fileID: 0}
  m_LightProbeVolumeOverride: {fileID: 0}
  m_ScaleInLightmap: 1
  m_PreserveUVs: 0
  m_IgnoreNormalsForChartDetection: 0
  m_ImportantGI: 0
  m_SelectedEditorRenderState: 3
  m_MinimumChartSize: 4
  m_AutoUVMaxDistance: 0.5
  m_AutoUVMaxAngle: 89
  m_LightmapParameters: {fileID: 0}
  m_SortingLayerID: 0
  m_SortingLayer: 0
  m_SortingOrder: 0
  serializedVersion: 2
  m_Quality: 0
  m_UpdateWhenOffscreen: 0
  m_SkinnedMotionVectors: 1
  m_Mesh: {fileID: 4300006, guid: aee2ab7d6c70a684ca97be07d6d4d1c3, type: 3}
  m_Bones:
  - {fileID: 4397654071528976}
  - {fileID: 4044548327519990}
  - {fileID: 4139044692192432}
  - {fileID: 4757022657424852}
  m_BlendShapeWeights: []
  m_RootBone: {fileID: 4139044692192432}
  m_AABB:
    m_Center: {x: 161.21951, y: -6.574443, z: -4.7170773}
    m_Extent: {x: 223.20251, y: 22.979553, z: 23.830273}
  m_DirtyAABB: 0
--- !u!137 &137318451922433340
SkinnedMeshRenderer:
  m_ObjectHideFlags: 1
  m_PrefabParentObject: {fileID: 0}
  m_PrefabInternal: {fileID: 100100000}
  m_GameObject: {fileID: 1245007422981652}
  m_Enabled: 1
  m_CastShadows: 1
  m_ReceiveShadows: 1
  m_MotionVectors: 1
  m_LightProbeUsage: 1
  m_ReflectionProbeUsage: 1
  m_Materials:
  - {fileID: 2100000, guid: d80e48d926a6e6c4c97e0b56295ab19f, type: 2}
  m_StaticBatchInfo:
    firstSubMesh: 0
    subMeshCount: 0
  m_StaticBatchRoot: {fileID: 0}
  m_ProbeAnchor: {fileID: 0}
  m_LightProbeVolumeOverride: {fileID: 0}
  m_ScaleInLightmap: 1
  m_PreserveUVs: 0
  m_IgnoreNormalsForChartDetection: 0
  m_ImportantGI: 0
  m_SelectedEditorRenderState: 3
  m_MinimumChartSize: 4
  m_AutoUVMaxDistance: 0.5
  m_AutoUVMaxAngle: 89
  m_LightmapParameters: {fileID: 0}
  m_SortingLayerID: 0
  m_SortingLayer: 0
  m_SortingOrder: 0
  serializedVersion: 2
  m_Quality: 0
  m_UpdateWhenOffscreen: 0
  m_SkinnedMotionVectors: 1
  m_Mesh: {fileID: 4300008, guid: aee2ab7d6c70a684ca97be07d6d4d1c3, type: 3}
  m_Bones:
  - {fileID: 4227256111935466}
  m_BlendShapeWeights: []
  m_RootBone: {fileID: 4227256111935466}
  m_AABB:
    m_Center: {x: -36.931526, y: -60.94913, z: 0.000025749207}
    m_Extent: {x: 15.416599, y: 5.4052315, z: 8.55779}
  m_DirtyAABB: 0
--- !u!137 &137562628495184406
SkinnedMeshRenderer:
  m_ObjectHideFlags: 1
  m_PrefabParentObject: {fileID: 0}
  m_PrefabInternal: {fileID: 100100000}
  m_GameObject: {fileID: 1959794610431808}
  m_Enabled: 1
  m_CastShadows: 1
  m_ReceiveShadows: 1
  m_MotionVectors: 1
  m_LightProbeUsage: 1
  m_ReflectionProbeUsage: 1
  m_Materials:
  - {fileID: 2100000, guid: 4441c6cf1b763f94ea989dfdb26269c2, type: 2}
  m_StaticBatchInfo:
    firstSubMesh: 0
    subMeshCount: 0
  m_StaticBatchRoot: {fileID: 0}
  m_ProbeAnchor: {fileID: 0}
  m_LightProbeVolumeOverride: {fileID: 0}
  m_ScaleInLightmap: 1
  m_PreserveUVs: 0
  m_IgnoreNormalsForChartDetection: 0
  m_ImportantGI: 0
  m_SelectedEditorRenderState: 3
  m_MinimumChartSize: 4
  m_AutoUVMaxDistance: 0.5
  m_AutoUVMaxAngle: 89
  m_LightmapParameters: {fileID: 0}
  m_SortingLayerID: 0
  m_SortingLayer: 0
  m_SortingOrder: 0
  serializedVersion: 2
  m_Quality: 0
  m_UpdateWhenOffscreen: 0
  m_SkinnedMotionVectors: 1
  m_Mesh: {fileID: 4300000, guid: aee2ab7d6c70a684ca97be07d6d4d1c3, type: 3}
  m_Bones:
  - {fileID: 4227256111935466}
  m_BlendShapeWeights: []
  m_RootBone: {fileID: 4227256111935466}
  m_AABB:
    m_Center: {x: -36.50048, y: -59.534534, z: 0}
    m_Extent: {x: 19.69408, y: 8.024952, z: 19.646233}
  m_DirtyAABB: 0
--- !u!137 &137598702765534930
SkinnedMeshRenderer:
  m_ObjectHideFlags: 1
  m_PrefabParentObject: {fileID: 0}
  m_PrefabInternal: {fileID: 100100000}
  m_GameObject: {fileID: 1702018044439186}
  m_Enabled: 1
  m_CastShadows: 1
  m_ReceiveShadows: 1
  m_MotionVectors: 1
  m_LightProbeUsage: 1
  m_ReflectionProbeUsage: 1
  m_Materials:
  - {fileID: 2100000, guid: 2ae39ca8d5976da40b9786990a3201e8, type: 2}
  m_StaticBatchInfo:
    firstSubMesh: 0
    subMeshCount: 0
  m_StaticBatchRoot: {fileID: 0}
  m_ProbeAnchor: {fileID: 0}
  m_LightProbeVolumeOverride: {fileID: 0}
  m_ScaleInLightmap: 1
  m_PreserveUVs: 0
  m_IgnoreNormalsForChartDetection: 0
  m_ImportantGI: 0
  m_SelectedEditorRenderState: 3
  m_MinimumChartSize: 4
  m_AutoUVMaxDistance: 0.5
  m_AutoUVMaxAngle: 89
  m_LightmapParameters: {fileID: 0}
  m_SortingLayerID: 0
  m_SortingLayer: 0
  m_SortingOrder: 0
  serializedVersion: 2
  m_Quality: 0
  m_UpdateWhenOffscreen: 0
  m_SkinnedMotionVectors: 1
  m_Mesh: {fileID: 4300002, guid: aee2ab7d6c70a684ca97be07d6d4d1c3, type: 3}
  m_Bones:
  - {fileID: 4744191597556610}
  m_BlendShapeWeights: []
  m_RootBone: {fileID: 4744191597556610}
  m_AABB:
    m_Center: {x: -68.93425, y: -2.489067, z: 0.000045776367}
    m_Extent: {x: 34.294144, y: 58.643204, z: 46.423008}
  m_DirtyAABB: 0
--- !u!137 &137818111023760454
SkinnedMeshRenderer:
  m_ObjectHideFlags: 1
  m_PrefabParentObject: {fileID: 0}
  m_PrefabInternal: {fileID: 100100000}
  m_GameObject: {fileID: 1254793328923630}
  m_Enabled: 1
  m_CastShadows: 1
  m_ReceiveShadows: 1
  m_MotionVectors: 1
  m_LightProbeUsage: 1
  m_ReflectionProbeUsage: 1
  m_Materials:
  - {fileID: 2100000, guid: 89c749023e2052440b243580fd0918c5, type: 2}
  m_StaticBatchInfo:
    firstSubMesh: 0
    subMeshCount: 0
  m_StaticBatchRoot: {fileID: 0}
  m_ProbeAnchor: {fileID: 0}
  m_LightProbeVolumeOverride: {fileID: 0}
  m_ScaleInLightmap: 1
  m_PreserveUVs: 0
  m_IgnoreNormalsForChartDetection: 0
  m_ImportantGI: 0
  m_SelectedEditorRenderState: 3
  m_MinimumChartSize: 4
  m_AutoUVMaxDistance: 0.5
  m_AutoUVMaxAngle: 89
  m_LightmapParameters: {fileID: 0}
  m_SortingLayerID: 0
  m_SortingLayer: 0
  m_SortingOrder: 0
  serializedVersion: 2
  m_Quality: 0
  m_UpdateWhenOffscreen: 0
  m_SkinnedMotionVectors: 1
  m_Mesh: {fileID: 4300010, guid: aee2ab7d6c70a684ca97be07d6d4d1c3, type: 3}
  m_Bones:
  - {fileID: 4227256111935466}
  - {fileID: 4974941550062434}
  - {fileID: 4076855839466372}
  - {fileID: 4057950308854310}
  - {fileID: 4744191597556610}
  - {fileID: 4467097848689884}
  - {fileID: 4320071022460364}
  - {fileID: 4446453811111262}
  - {fileID: 4957306736453594}
  - {fileID: 4164715617300694}
  - {fileID: 4397654071528976}
  - {fileID: 4044548327519990}
  - {fileID: 4188344264901780}
  - {fileID: 4554183780573010}
  - {fileID: 4439485710176174}
  - {fileID: 4921558360081606}
  - {fileID: 4449401709327374}
  - {fileID: 4724501588361814}
  - {fileID: 4123924247252658}
  - {fileID: 4793274369765710}
  - {fileID: 4462304841769514}
  - {fileID: 4052628008028040}
  - {fileID: 4861008986701542}
  - {fileID: 4180542615595330}
  - {fileID: 4349729756483228}
  - {fileID: 4684689049063370}
  - {fileID: 4451728049860140}
  - {fileID: 4666861771274582}
  - {fileID: 4199910930065224}
  - {fileID: 4582722824745430}
  - {fileID: 4334099154474228}
  - {fileID: 4014941115735554}
  - {fileID: 4208330715048916}
  - {fileID: 4338233435303916}
  - {fileID: 4649818938306436}
  - {fileID: 4343948721304336}
  - {fileID: 4139044692192432}
  - {fileID: 4757022657424852}
  - {fileID: 4216278821435476}
  - {fileID: 4399427495860266}
  - {fileID: 4559470744891290}
  - {fileID: 4825479850144944}
  - {fileID: 4761187178027822}
  - {fileID: 4206801505773192}
  - {fileID: 4437830951200910}
  - {fileID: 4997596059639758}
  - {fileID: 4168005793871790}
  - {fileID: 4322221433773248}
  - {fileID: 4139002450064898}
  - {fileID: 4466612959917728}
  - {fileID: 4101417071804428}
  - {fileID: 4185363958858684}
  - {fileID: 4827613218996096}
  - {fileID: 4472742092112724}
  - {fileID: 4752429926170988}
  - {fileID: 4016660575632146}
  - {fileID: 4768791919801244}
  - {fileID: 4397184031235896}
  - {fileID: 4234238066263560}
  - {fileID: 4948654109895580}
  - {fileID: 4443302257853320}
  - {fileID: 4800418508512966}
  - {fileID: 4096910041082830}
  - {fileID: 4540811192760282}
  - {fileID: 4473814174520430}
  - {fileID: 4054240671490240}
  - {fileID: 4639379277889508}
  - {fileID: 4487191060272320}
  - {fileID: 4823852679009554}
  - {fileID: 4603438990643328}
  - {fileID: 4444230951355476}
  m_BlendShapeWeights: []
  m_RootBone: {fileID: 4227256111935466}
  m_AABB:
    m_Center: {x: 39.392883, y: -11.19635, z: 0.0496521}
    m_Extent: {x: 352.10046, y: 188.20276, z: 338.5409}
  m_DirtyAABB: 0
